2964 4506
617 251 653 305 Η.
672 253 784 305 24—28.
1202 245 1242 303 53

160 429 240 488 tione
259 430 400 487 nuntiant
414 443 522 501 magna
536 426 649 484 auxilia
664 426 795 498 equitum
809 425 999 498 peditumque
1015 423 1051 482 ab
1067 437 1138 494 rege
1153 420 1243 478 missa

158 531 276 592 Uticam
304 531 420 604 venire;
450 529 607 602 eodemque
635 532 767 600 tempore
789 527 835 585 vis
857 543 966 599 magna
986 524 1120 599 pulveris
1143 538 1241 581 cerne·

158 635 259 707 batur,
288 638 319 690 et
341 633 468 705 vestigio
494 631 636 704 temporis
657 630 784 704 primum
807 644 913 702 agmen
935 633 1002 686 erat
1023 627 1055 684 in
1077 628 1241 698 conspectu.

158 737 300 796 Novitate
322 736 367 794 rei
389 734 477 794 Curio
492 737 641 808 permotus
655 733 821 807 praemittit
836 733 958 806 equites,
983 731 1033 804 qni
1047 730 1175 804 primum
1189 730 1242 787 im·
1263 735 1278 783 3

159 844 260 913 potum
281 838 449 896 sustineant
471 853 507 895 ac
527 839 689 908 morentur;
712 836 775 908 ipse
797 834 936 892 celeriter
950 835 988 892 ab
1004 848 1092 906 opere
1108 830 1241 889 deductis

159 941 325 1014 legionibus
348 940 440 998 aciem
461 939 593 997 instruit.
627 939 809 1012 Equitesque
831 936 1016 996 committunt
1037 934 1182 1008 proelium
1204 938 1242 1007 et,
1265 955 1280 1005 q

158 1043 243 1116 prius
266 1058 352 1115 quam
373 1042 462 1115 plane
483 1041 615 1114 legiones
638 1041 782 1114 explicari
804 1045 835 1098 et
851 1039 1012 1098 consistere
1026 1042 1154 1112 possenq
1177 1041 1243 1094 tota

158 1145 271 1204 auxilia
292 1145 374 1218 regis
395 1143 538 1218 impedita
559 1160 594 1202 ac
615 1145 798 1218 perturbata,
822 1141 899 1215 quod
918 1121 1000 1199 nullo
1016 1139 1118 1198 ordine
1134 1144 1165 1197 et
1179 1140 1243 1196 sine

157 1247 263 1304 timore
284 1247 344 1305 iter
365 1247 512 1320 iecerunt,
539 1246 571 1303 in
592 1244 695 1319 fugam
717 1245 844 1304 coiciunt
865 1244 1057 1317 equitatuque
1080 1243 1158 1300 omni
1179 1243 1243 1310 iere

158 1349 304 1423 incolumi,
328 1349 404 1422 quod
425 1363 456 1406 se
477 1364 532 1421 per
553 1348 644 1406 litora
665 1348 804 1406 celeriter
825 1348 857 1404 in
886 1344 1024 1419 oppidum
1046 1344 1159 1422 recipit,
1181 1361 1242 1402 ma·

159 1467 250 1524 gnum
271 1450 404 1524 peditum
424 1465 579 1508 numerum
599 1450 788 1508 interficiunt.

241 1546 298 1615 27.
326 1551 468 1610 Proxima
489 1556 575 1609 nocte
597 1551 783 1609 centuriones
805 1550 898 1608 llarsi
920 1549 976 1606 dno
999 1564 1036 1606 ex
1057 1547 1164 1605 castris
1187 1546 1242 1605 Ou-

158 1655 251 1712 rionis
279 1670 344 1712 cum
372 1654 607 1727 manipularibus
634 1654 695 1711 suis
716 1669 786 1710 xxm
807 1652 846 1710 ad
866 1652 985 1711 Attium
1007 1650 1120 1709 Vanum
1142 1650 1242 1723 periu-

159 1757 254 1830 ginnt.
294 1756 342 1830 Hi,
365 1758 429 1816 sive
450 1771 522 1815 vere
545 1772 631 1829 qnam
653 1756 820 1813 habuerant
841 1755 1007 1828 opinionem
1030 1753 1067 1812 ad
1089 1769 1155 1811 eum
1176 1767 1241 1825 per·
1264 1769 1277 1818 2

156 1859 268 1933 ferunt,
296 1859 360 1917 sive
387 1858 478 1917 etiam
500 1859 622 1915 auribus
644 1857 719 1916 Vari
741 1858 877 1916 serviunt
899 1857 979 1930 (nam
1001 1872 1076 1930 quae
1098 1855 1241 1928 volumus,

156 1978 191 2020 ea
213 1961 357 2019 credimus
378 1961 522 2030 libenter,
556 1964 585 2019 et
607 1975 682 2032 quae
708 1959 851 2017 sentimus
873 1959 945 2033 ipsi,
979 1959 1108 2031 reliquos
1131 1957 1242 2015 sentire

156 2062 332 2138 speramns),
366 2062 541 2120 confirmant
574 2061 691 2134 quidem
723 2065 801 2120 certe
835 2061 928 2119 totius
961 2060 1107 2118 exercitus
1129 2059 1241 2117 animos

156 2166 267 2224 alienos
301 2181 364 2224 esse
397 2163 563 2223 acurione
599 2164 781 2237 maximeque
815 2177 887 2236 opus
917 2178 980 2220 csse
1002 2162 1034 2219 in
1056 2166 1278 2235 conspectumq

155 2268 302 2327 exercitus
324 2267 427 2326 venire
450 2271 480 2325 et
502 2266 697 2339 conloquendi
720 2266 791 2326 dare
812 2265 995 2324 facultatem.
1025 2263 1090 2335 Qua
1105 2264 1240 2338 opinione
1262 2279 1277 2328 4

155 2370 298 2428 adductus
320 2369 419 2428 Varus
446 2374 564 2442 postero
593 2368 641 2426 die
676 2385 761 2426 mane
789 2369 921 2441 legiones
948 2383 985 2425 ex
1006 2365 1113 2424 castris
1136 2364 1235 2424 educit

154 2470 241 2530 Facit
261 2470 339 2530 idem
361 2469 461 2543 curio,
484 2475 574 2542 atque
596 2485 655 2528 una
677 2469 756 2528 valle
778 2485 837 2527 non
858 2484 967 2542 magna
989 2467 1147 2526 interiecta
1169 2483 1237 2525 suas

154 2578 279 2645 uterque
301 2571 399 2644 copias
420 2571 553 2628 instruit.

240 2666 295 2734 28.
324 2672 401 2729 Erat
429 2671 461 2728 in
486 2671 619 2729 exercitu
641 2669 716 2728 Vari
738 2669 803 2728 Seru
827 2669 987 2740 Quintilius
1009 2669 1122 2743 Varus,
1152 2684 1237 2740 quem

154 2776 245 2833 luisse
261 2773 383 2833 Corfinii
404 2787 495 2846 supra
517 2772 746 2830 demonstratum
768 2777 822 2830 est.
852 2770 910 2830 Hic
925 2770 1062 2830 dimissus
1077 2787 1096 2829 a
1110 2769 1237 2830 Caesare

154 2879 186 2936 in
207 2878 340 2935 Africam
362 2879 501 2950 venerat,
523 2875 713 2948 legionesque
735 2891 785 2933 eas
807 2874 1020 2933 transduxerat
1042 2873 1139 2948 Curio,
1163 2889 1236 2946 quas

156 2979 357 3053 superioribus
378 2976 559 3051 temporibus
574 2955 702 3036 Corfinio
725 2982 879 3051 receperat
894 2976 1012 3051 Caesar,
1035 2977 1107 3035 adeo
1122 2980 1155 3035 ut
1169 2992 1241 3050 pau·

156 3083 199 3140 cis
221 3079 342 3138 mutatis
364 3079 582 3136 centurionibus
604 3079 681 3137 idern
704 3078 822 3136 ordines
843 3079 1044 3152 manipulique
1066 3081 1240 3137 constarent

156 3185 242 3244 Hanc
272 3186 377 3240 nactus
405 3179 613 3254 appellationis
643 3197 762 3239 causam
785 3179 947 3250 Quintilius
974 3182 1128 3239 circumire
1151 3183 1278 3246 aciemn

155 3286 290 3347 Curionis
313 3288 402 3356 atque
425 3283 579 3340 obsecrare
604 3283 714 3341 milites
737 3283 841 3357 coepit,
864 3298 901 3341 uc
916 3281 1040 3355 primam
1055 3284 1240 3356 sacramenti,

155 3389 232 3463 quod
254 3386 331 3460 apud
349 3384 511 3442 Domitium
533 3388 620 3458 atque
644 3385 724 3459 apud
746 3402 778 3444 se
800 3389 986 3458 quaestorem
1008 3383 1160 3455 dixissent,
1183 3400 1240 3441 me·

154 3491 277 3549 moriam
305 3485 485 3558 deponerent
511 3502 569 3545 neu
598 3493 703 3545 contra
730 3505 778 3545 eos
807 3501 891 3544 arma
911 3485 1037 3559 ferrent,
1067 3485 1119 3558 qui
1141 3484 1277 3543 eatena

155 3596 254 3652 essent
274 3589 321 3647 usi
342 3588 464 3645 fortuna
486 3587 645 3661 cademque
668 3589 700 3647 in
721 3589 871 3647 obsidione
890 3587 1030 3662 perpessi
1053 3603 1110 3645 neu
1125 3603 1179 3660 pro
1194 3587 1240 3645 his

154 3698 336 3771 pugnarent,
371 3708 389 3749 a
416 3690 522 3764 quibus
552 3707 619 3749 cum
645 3692 824 3750 contumelia
844 3691 989 3764 perfugae
1011 3691 1239 3764 appellarentur.

155 3798 221 3856 Huc
242 3809 337 3870 pauca
358 3794 396 3852 ad
411 3809 491 3867 spem
506 3794 676 3867 largitionis
691 3793 813 3868 addidit,
837 3810 911 3866 quac
927 3795 963 3850 ab
981 3809 1034 3851 sua
1048 3793 1239 3868 liberalitate,

155 3902 181 3958 Si
203 3915 234 3956 se
257 3902 344 3970 atque
358 3896 475 3953 Attium
498 3896 593 3956 secuti
615 3901 719 3973 assent,
743 3900 916 3969 exspectare
932 3896 1080 3954 deberent.
1111 3894 1175 3953 Hac
1190 3894 1277 3952 hat
