2960 4500
132 213 135 220 ’
234 243 274 302 cc
599 244 649 298 ou
666 245 784 302 annno
804 246 920 302 onvrm

321 417 354 484 8.
377 420 530 494 Expositis
557 421 702 480 militibus
729 438 819 480 naves
846 421 947 481 eadem
974 427 1060 485 nocte
1081 423 1273 484 Brundisium
1297 442 1316 484 a

233 523 360 584 Caesare
375 523 572 598 remittuntur,
596 528 630 581 ut
644 523 776 596 reliquae
790 523 922 596 legiones
942 525 1150 598 equitatusque
1165 530 1316 601 transpor-

195 631 210 680 2
233 627 295 684 tari
315 630 440 700 possent
469 624 548 684 Huic
562 625 658 684 officio
680 625 866 699 praepositus
883 632 949 685 erat
964 626 1067 686 Fufius
1083 628 1209 687 Calenus
1231 629 1314 702 lega·

233 733 288 803 tus,
311 729 362 801 qui
384 728 562 788 celeritatem
577 727 609 786 in
623 729 863 803 transportandis
877 729 1045 802 legionibus
1060 730 1222 789 adhiberet.
1258 729 1316 790 Sed

234 831 329 890 serius
352 835 475 890 eterra
500 835 658 904 proventae
687 847 778 898 naves
800 847 894 904 neque
920 848 991 891 usae
1019 837 1165 892 nocturne
1188 850 1262 892 aura
1284 833 1317 892 in

199 939 214 988 3
236 932 383 992 redeundo
413 932 606 992 offenderunt.
652 932 778 992 Bibulus
806 934 884 992 enim
912 933 1061 1008 Corcyrae
1089 935 1199 995 certior
1220 936 1316 995 iactus

235 1035 271 1095 de
293 1036 422 1096 adventu
437 1034 587 1111 Caesaris,
612 1052 735 1110 sperans
750 1036 839 1094 alicui
861 1053 893 1095 se
914 1037 995 1110 parti
1010 1043 1182 1096 onustarum
1196 1038 1317 1098 navium

234 1153 388 1196 occurere
409 1154 494 1211 posse
515 1137 653 1197 inanibus
676 1139 805 1196 occurrit
826 1143 857 1196 et
877 1143 982 1198 nactus
997 1139 1117 1198 circiter
1131 1155 1191 1198 xxx
1213 1141 1245 1199 in
1267 1157 1317 1200 eas

234 1238 441 1312 indiligentiae
470 1255 540 1298 suae
571 1256 605 1297 ac
627 1239 738 1298 doloris
763 1239 945 1298 iracundiam
975 1241 1075 1314 erupit
1095 1257 1252 1316 omnesque
1273 1243 1317 1300 in·

234 1341 333 1400 cendit
368 1341 524 1415 eodemque
540 1335 628 1420 :igne
661 1346 768 1400 nautas
800 1342 987 1416 dominosque
1020 1344 1140 1404 navium
1170 1329 1318 1404 interiecit

196 1455 213 1505 4
235 1443 440 1517 magnitudine
463 1461 574 1518 poenae
596 1444 726 1517 reliquos
752 1445 897 1504 deterreri
925 1461 1055 1520 sperans.
1098 1445 1162 1505 Hoc
1183 1447 1316 1506 coniecto

234 1546 350 1619 negotio
374 1563 392 1604 a
416 1545 535 1606 Sasonis
557 1546 596 1606 ad
621 1545 721 1605 Curici
742 1552 860 1621 portum
882 1547 1026 1606 stationes
1051 1548 1196 1621 litoraque
1219 1550 1317 1608 omnia

234 1648 321 1721 longe
358 1649 477 1723 lateque
514 1649 656 1708 classibus
705 1648 862 1722 occupavit
910 1649 1108 1724 custodiisque
1143 1650 1317 1724 diligentius

233 1751 382 1824 dispositis
410 1752 478 1825 ipse
503 1751 683 1824 gravissima
714 1751 809 1808 hieme
838 1751 870 1808 in
898 1751 1025 1810 navibus
1053 1753 1201 1811 excubans
1223 1769 1316 1826 neque

233 1853 328 1912 ullum
349 1853 480 1913 laborem
509 1858 562 1912 aut
586 1870 692 1912 munus
714 1853 890 1928 despiciens,
920 1869 957 1912 ne
985 1854 1062 1927 quod
1083 1855 1245 1914 subsidium
1267 1871 1316 1913 ex·

233 1957 382 2030 spectanti
404 1955 525 2016 Caesari
547 1958 579 2014 in
601 1960 787 2029 conspectum
809 1957 912 2015 venire
934 1961 1034 2029 posset
1054 2002 1242 2016 .........

234 2094 244 2102 -
318 2050 351 2120 9.
374 2058 514 2118 Discessu
535 2058 736 2117 Liburnarum
760 2075 797 2117 ex
820 2057 943 2132 Illyrico
965 2057 1003 2118 ll.
1020 2057 1161 2118 Octavius
1184 2059 1316 2139 cuniis,

234 2177 307 2234 quas
323 2160 459 2236 habebat,
483 2161 608 2220 navibus
623 2160 749 2220 Salonas
763 2161 910 2234 pervenit.
941 2161 988 2219 Ibi
1001 2162 1154 2220 concitatis
1168 2160 1316 2220 Dalmatis

198 2271 213 2320 2
235 2263 415 2336 reliquisque
436 2263 573 2321 barbaris
589 2262 684 2321 Issam
697 2279 717 2320 a
731 2261 868 2320 Caesaris
890 2262 1021 2321 amicitia
1043 2264 1167 2335 avertit3
1190 2278 1314 2321 conven-

234 2370 298 2423 tum
325 2363 441 2423 Salonis
470 2379 535 2422 cum
563 2379 656 2436 neque
683 2362 946 2437 pollicitationibus
974 2379 1068 2435 neque
1094 2363 1314 2423 denuntiatione

237 2466 363 2541 periculi
384 2481 556 2540 permovere
577 2471 684 2540 posset
707 2465 845 2539 oppidum
866 2480 1038 2538 oppugnare
1062 2465 1203 2524 instituit
1248 2463 1315 2541 [Est

197 2579 212 2628 3
234 2573 330 2628 autem
353 2569 491 2644 oppidum
513 2574 544 2628 et
564 2569 622 2628 loci
637 2571 745 2628 natura
759 2573 790 2627 et
805 2568 879 2627 colle
902 2565 1067 2644 munitum]
1098 2566 1155 2627 Sed
1177 2568 1315 2627 celeriter

233 2671 312 2730 cives
340 2670 466 2730 Romani
492 2671 601 2744 ligneis
628 2671 738 2730 effectis
760 2670 894 2729 turribus
921 2670 969 2728 his
998 2687 1062 2729 sese
1084 2670 1255 2728 munierunt
1276 2674 1312 2745 et,

233 2788 298 2830 cum
320 2778 419 2830 essent
432 2772 542 2830 infirmi
558 2772 595 2830 ad
617 2771 811 2830 resistendum
825 2775 946 2844 propter
960 2772 1142 2842 paucitatem
1156 2771 1313 2840 hominum,

233 2874 344 2931 crebris
366 2874 492 2931 coniecti
506 2873 680 2932 vulneribus
702 2873 739 2931 ad
761 2877 925 2930 extremum
941 2872 1085 2930 auxilium
1100 2871 1314 2930 descenderunt

233 2991 391 3047 servosque
420 2991 518 3033 omnes
550 2976 676 3049 puberes
704 2975 908 3033 liberaverunt
937 2979 967 3033 et
994 2974 1157 3048 praesectis
1184 2975 1313 3034 omnium

195 3087 210 3136 4
231 3076 387 3136 mulierum
409 3077 540 3136 crinibus
567 3082 715 3136 tormenta
741 3077 907 3136 effecerunt
953 3076 1083 3148 Quorum
1107 3077 1227 3150 cognita
1248 3094 1313 3136 sen·

233 3180 329 3238 tentia
352 3179 492 3240 Octavius
513 3179 609 3254 quinis
631 3180 737 3238 castris
766 3179 903 3253 oppidum
926 3179 1118 3238 circumdedit
1144 3185 1233 3252 atque
1254 3196 1311 3240 uno

196 3289 363 3356 stempore
386 3282 535 3342 obsidione
558 3288 589 3341 et
604 3281 875 3357 oppugnationibus
898 3298 946 3340 eos
969 3297 1103 3355 premere
1125 3281 1229 3355 coepit.
1261 3281 1313 3342 Illi

234 3385 332 3444 omnia
353 3386 467 3459 perpeti
488 3383 588 3458 parati
602 3385 729 3442 maxime
744 3401 762 3443 a
777 3400 811 3442 re
825 3383 1021 3441 frumentaria
1042 3383 1224 3443 laborabant.
1258 3381 1313 3442 Cui

233 3487 278 3545 rei
292 3485 388 3545 missis
403 3487 441 3545 ad
456 3485 611 3546 Caesarem
626 3487 736 3560 legatis
751 3485 894 3544 auxilium
910 3486 947 3543 ab
964 3501 997 3542 eo
1012 3487 1165 3560 petebant;
1188 3487 1311 3558 reliqua

195 3597 211 3647 6
232 3595 267 3647 ut
288 3593 440 3663 poterant,
469 3589 651 3647 incommoda
672 3605 726 3662 per
747 3605 779 3647 se
807 3588 1001 3646 sustinebant.
1045 3587 1086 3646 Et
1108 3589 1197 3662 longo
1219 3589 1311 3647 inter-

232 3691 329 3764 posito
362 3691 459 3765 spatio
491 3707 556 3751 cum
593 3690 774 3750 diuturnitas
810 3689 1038 3765 oppugnationis
1074 3691 1311 3764 neglegentiores

234 3793 412 3853 Octavianos
448 3793 607 3868 effecisset,
644 3794 725 3852 nacti
761 3793 941 3852 occasionem
979 3792 1134 3852 meridiani
1170 3792 1311 3867 temporis

232 3897 362 3956 discessu
384 3912 499 3972 eorum,
527 3897 629 3970 pueris
655 3897 885 3968 mulieribusque
913 3897 945 3954 in
973 3912 1059 3954 muro
1087 3893 1250 3971 dispositis,
1274 3911 1311 3954 ne
