2964 4506
257 261 294 319 78
623 261 673 316 DE
691 260 808 315 BELLO
828 259 942 316 OlVlLI

343 431 400 500 32.
421 436 547 495 Interim
568 438 756 496 acerbissime
770 431 933 512 imperatae
949 433 1089 512 pecuniae
1105 441 1167 496 tota
1182 438 1339 511 provincia

255 541 460 614 exigebantur.
482 539 579 598 Multa
592 545 750 614 praeterea
765 541 930 614 generatim
953 540 990 598 ad
1005 540 1164 598 avaritiam
1186 541 1338 614 excogita-

218 649 232 700 t
255 644 373 702 bantur.
411 641 448 699 ln
463 643 563 716 capita
585 642 704 716 singula
726 658 878 702 servorum
893 659 927 700 ac
941 642 1101 700 liberorum
1115 642 1261 701 tributum
1282 643 1337 701 im·

258 747 437 819 ponebatur;
461 744 649 819 columnaria,
672 744 803 819 ostiaria,
825 745 1013 820 frumentum,
1035 745 1153 819 milites,
1176 761 1266 820 arma,
1289 763 1337 804 re·

253 847 355 922 miges,
378 852 535 922 tormenta,
558 853 699 906 vecturae
715 848 952 921 imperabantur3
975 847 1057 906 cuius
1072 847 1155 906 modo
1171 849 1216 906 rei
1230 865 1337 908 nomen

254 949 381 1023 reperiri
404 953 529 1023 poterat,
551 949 606 1007 hoc
627 948 701 1007 satis
724 965 787 1008 esse
802 949 840 1007 ad
854 949 999 1023 cogendas
1013 951 1153 1024 pecunias
1168 951 1336 1011 videbatur.

219 1063 234 1112 e
254 1051 321 1110 Non
343 1050 437 1109 solum
452 1051 582 1126 urbibus,
599 1051 650 1110 sed
671 1067 765 1125 paene
787 1052 862 1111 vicis
879 1051 1067 1125 castellisque
1082 1053 1208 1127 singulis
1223 1054 1336 1126 singuli

257 1169 322 1211 cum
356 1153 479 1226 imperio
513 1154 770 1226 praeficiebantur.
820 1153 878 1226 Qui
909 1154 1013 1213 horum
1046 1154 1116 1227 quid
1148 1156 1337 1214 acerbissime

256 1255 514 1328 crudelissimeque
536 1255 664 1331 iecerat,
693 1257 719 1314 is
741 1261 772 1314 et
793 1257 842 1316 vir
863 1262 895 1315 et
917 1257 991 1316 civis
1012 1257 1140 1331 optimus
1160 1257 1335 1318 habebatur.

219 1369 234 1418 4
255 1356 333 1415 Erat
354 1358 442 1430 plena
456 1357 594 1416 lictorum
609 1363 640 1416 et
654 1358 844 1432 imperiorum
857 1359 1020 1434 provincia,
1040 1359 1160 1418 dilierta
1174 1360 1336 1433 praefectis

256 1442 345 1531 atque
373 1459 573 1534 exactoribus,
603 1461 654 1533 qui
674 1465 797 1534 praeter
818 1461 980 1534 imperatas
1008 1461 1148 1535 pecunias
1170 1477 1221 1520 suo
1245 1463 1337 1520 etiam

255 1560 374 1634 privato
396 1560 562 1635 compendio
578 1562 760 1636 serviebant;
784 1563 963 1622 dictitabant
985 1564 1062 1622 enim
1077 1580 1108 1622 se
1123 1563 1207 1622 domo
1222 1565 1337 1638 patria-

257 1677 311 1735 que
344 1663 481 1736 expulsos
513 1664 646 1722 omnibus
679 1664 854 1722 necessariis
886 1681 974 1738 egere
1010 1667 1112 1741 rebus,
1146 1672 1181 1725 ut
1212 1666 1337 1725 honesta

220 1777 234 1825 a
254 1765 489 1839 praescriptione
512 1781 574 1824 rem
596 1766 798 1839 turpissimam
820 1771 965 1840 tegerent.
996 1767 1183 1826 Accedebant
1204 1767 1242 1826 ad
1263 1768 1337 1826 haec

256 1866 451 1940 gravissimae
466 1883 581 1943 usurae,
605 1869 681 1942 quod
702 1868 734 1926 in
748 1870 826 1928 bello
840 1869 1013 1943 plerumque
1029 1870 1161 1928 accidere
1183 1871 1338 1928 consuevit

256 1969 404 2028 universis
425 1971 580 2044 imperatis
600 1971 747 2045 pecuniis;
771 1971 876 2043 quibus
897 1973 929 2030 in
949 1973 1036 2030 rebus
1057 1972 1254 2046 prolationem
1277 1971 1337 2030 diei

256 2070 443 2130 donationem
471 2089 535 2154 esse
557 2072 701 2133 dicebaut.
745 2073 851 2146 Itaque
880 2090 931 2132 aes
953 2075 1081 2132 alienum
1109 2074 1280 2147 provinciae
1302 2089 1336 2132 eo
1369 2093 1372 2096 ·

219 2185 234 2234 6
255 2173 374 2232 biennio
389 2175 619 2248 multiplicatum
634 2181 688 2235 est.
718 2175 820 2248 Neque
835 2176 931 2235 miuus
952 2178 988 2235 ob
1004 2193 1068 2235 eam
1083 2192 1200 2235 eausam
1222 2177 1336 2235 civibus

254 2273 396 2333 Romanis
418 2277 481 2334 eius
496 2277 674 2352 provinciae,
697 2277 749 2336 sed
770 2278 802 2336 in
816 2279 949 2352 singulos
964 2285 1125 2338 conventus
1147 2280 1338 2352 singulasque

256 2377 395 2435 civitates
423 2383 523 2436 certae
550 2377 692 2451 pecuniae
721 2379 958 2454 imperabantur,
992 2386 1167 2454 mutuasque
1199 2381 1268 2439 illas
1300 2397 1338 2439 ex

256 2483 376 2537 senatus
403 2480 537 2538 consulto
570 2480 651 2553 exigi
679 2480 872 2555 dictitabant;
906 2482 1083 2558 publicanis,
1116 2488 1151 2540 ut
1181 2484 1213 2541 in
1246 2481 1337 2556 Syria

255 2580 397 2652 fecerant,
420 2566 602 2656 insequentis
625 2584 695 2642 enni
718 2583 849 2656 vectigal
870 2589 1065 2657 promotuum.

341 2677 397 2746 33.
421 2684 582 2744 Praeterea
603 2685 714 2758 Ephesi
736 2703 754 2743 a
775 2687 844 2744 lano
860 2685 976 2744 Dianae
999 2687 1147 2759 depositas
1170 2688 1336 2759 antiquitus

254 2787 394 2860 pecunias
416 2783 514 2868 Scipio
540 2787 607 2844 tolli
628 2787 757 2844 iubebat.
802 2785 948 2857 Certaque
971 2787 998 2844 ei
1025 2788 1069 2844 rei
1093 2787 1139 2844 die
1169 2789 1336 2847 constituta

256 2903 320 2944 cum
352 2889 384 2944 in
410 2887 511 2944 fanum
539 2890 683 2944 venturus
716 2892 794 2944 esset
822 2885 963 2944 adhibitis
992 2887 1189 2959 compluribus
1222 2887 1336 2948 ordinis

254 2986 409 3061 senatorii,
443 2984 527 3062 [quos
549 2986 748 3046 advocaverat
770 2984 892 3062 Scipio],
926 2986 1046 3046 litterae
1068 2988 1096 3046 ei
1118 2987 1284 3048 redduntur
1317 3009 1335 3050 a

256 3088 393 3163 Pompeio
415 3105 496 3158 mare
517 3089 662 3148 transisse
684 3106 749 3148 cum
770 3090 936 3166 legionibus
958 3088 1129 3149 Gaesarem:
1155 3099 1333 3166 properaret

219 3203 233 3251 2
255 3192 292 3250 ad
315 3207 347 3250 se
368 3208 433 3251 cum
455 3193 586 3252 exercitu
608 3193 710 3252 venire
732 3193 886 3266 omniaque
907 3193 1106 3266 posthaberet.
1143 3193 1200 3252 His
1222 3195 1334 3254 litteris

255 3295 384 3368 acceptis
415 3311 486 3368 quos
509 3295 708 3355 advocaverat
734 3294 873 3365 dimittit;
901 3296 966 3368 ipse
986 3297 1052 3354 iter
1079 3296 1111 3354 in
1133 3295 1333 3356 Macedoniam

254 3413 363 3471 parare
384 3397 490 3470 incipit
510 3397 669 3470 paucisque
690 3399 756 3469 post
777 3395 879 3454 diebus
902 3402 948 3454 est
979 3398 1137 3470 profectus.
1181 3398 1263 3457 Haec
1285 3415 1333 3457 res

255 3497 402 3571 Ephesiae
423 3499 564 3571 pecuniae
586 3498 712 3556 salutem
734 3497 846 3556 attulit.

342 3593 400 3661 34.
424 3598 533 3658 Caesar
546 3599 669 3658 Antonii
691 3600 823 3658 exercitu
845 3600 1012 3675 coniuncto,
1035 3600 1159 3660 deducta
1181 3600 1268 3660 Orico
1291 3603 1332 3659 le·

256 3703 351 3776 gioue,
374 3717 460 3774 quam
475 3701 601 3760 tuendae
616 3718 686 3761 orae
700 3703 866 3762 maritimae
881 3717 970 3760 causa
984 3708 1131 3778 posuerat,
1147 3703 1332 3776 temptandas

219 3813 233 3862 2
255 3804 312 3863 sihi
334 3804 503 3880 provincias
516 3804 698 3878 longiusque.
712 3804 926 3879 procedendum
948 3805 1145 3880 existimabat,
1169 3812 1199 3863 et
1214 3821 1279 3864 cum
1294 3806 1332 3864 ad

257 3924 322 3966 eum
351 3924 388 3966 ex
415 3907 570 3967 Thessalia
597 3908 770 3980 Aetoliaque
797 3908 892 3983 legati
917 3908 1081 3982 venissent,
1111 3908 1161 3979 qui
1182 3908 1331 3981 praesidio
