2960 4500
238 299 278 358 as
603 285 922 357 nnsnnnocrvmr

237 476 432 533 meminerant
455 475 492 533 ad
514 475 646 534 Alesiam
667 493 805 550 magnam
828 493 859 536 se
881 480 1010 552 inopiam
1032 495 1202 554 perpessos,
1224 481 1318 540 multo

205 576 207 582 ’
238 579 328 636 etiarn
349 562 489 636 maiorem
520 561 558 636 ad
580 578 742 638 Avaricum
764 581 957 639 maximarum
980 598 1011 639 se
1034 583 1166 654 gentium
1188 582 1317 642 victores

201 689 215 737 7
238 680 413 738 discessisse.
446 665 514 738 Non
534 680 580 738 illi
595 680 736 739 hordeum
751 698 816 740 cum
838 683 968 758 daretur,
984 700 1043 741 non
1064 683 1215 756 legumina
1235 701 1318 742 recu·

238 783 359 856 sabant;
394 799 482 855 pecus
509 798 593 856 varo,
615 782 704 841 'cuius
723 767 777 841 rei
806 801 918 866 summp
946 790 1012 843 erat
1039 801 1080 842 exv
1105 785 1199 858 Epiro
1226 787 1318 862 copia,

238 900 345 963 magno
367 885 399 941 in
420 884 530 942 honore
545 884 703 943 habebant.
990 886 992 892 ’
1166 887 1167 890 ’

324 979 381 1050 48.
403 985 460 1044 Est
482 987 571 1044 ctiam
594 1002 687 1059 genus
701 987 811 1044 radicis
832 974 983 1047 inuentum
1006 989 1102 1064 abiis,
1127 989 1177 1061 qui
1198 990 1321 1049 fuerant

239 1090 271 1147 in
285 1087 515 1163 'vallibus'quod
530 1089 699 1162 appellatur
713 1091 811 1164 chara,
833 1090 909 1162 quod
925 1090 1087 1149 admixtum
1102 1091 1180 1150 lacte
1195 1093 1320 1150 multum

202 1199 217 1248 2
238 1192 367 1264 inopiam
389 1191 518 1250 levabat.
544 1182 606 1271 -[Id
629 1190 666 1249 ad
682 1191 903 1250 similitudinem
920 1193 1006 1266 panis
1022 1189 1210 1269 efficiebant]
1246 1193 1320 1252 Eius

241 1299 307 1352 erat
328 1281 437 1366 magna
461 1294 552 1366 eopia
596 1293 643 1350 Ex
665 1293 719 1352 hoc
741 1294 860 1352 effectos
887 1311 992 1369 panes,
1020 1295 1137 1353 cumin
1160 1296 1321 1368 conloquiis

240 1396 413 1470 Pompeiani
430 1396 548 1453 'famem
572 1397 682 1454 nostris
705 1397 902 1472 obiectarent,
926 1397 1017 1470 vulgo
1039 1397 1071 1454 in
1094 1413 1142 1455 ecs
1164 1399 1320 1459 iaciebant

211 1523 213 1526 ·
240 1504 275 1556 ut
297 1514 386 1571 spem·
400 1511 500 1556 eorum
521 1498 697 1557 minuerent.
1075 1551 1077 1557 .
1288 1503 1291 1510 '
1324 1487 1326 1490 ⁵

327 1591 382 1660 49.
405 1599 526 1672 Iamque
548 1599 698 1658 frumenta
721 1604 920 1658 maturescere
942 1600 1125 1674 incipiebant
1147 1606 1236 1673 atque
1256 1602 1323 1674 ipsa

243 1687 309 1776 spes
330 1701 459 1775 inopiam
481 1703 681 1777 sustentabat,
711 1702 786 1774 quod
809 1702 946 1760 celeriter
975 1719 1006 1760 se
1033 1702 1187 1761 habituros
1210 1703 1323 1777 copiam

205 1813 220 1862 2
242 1804 441 1877 comidebant3
464 1805 643 1876 crebraeque
666 1820 752 1863 voces
774 1804 901 1862 militum
925 1805 957 1862 in
976 1804 1090 1878 vigiliis
1105 1805 1324 1878 conloquiisque

243 1906 441 1966 audiebantur
480 1905 563 1978 prius
603 1922 635 1964 se
650 1890 770 1964 'cortice
801 1923 837 1964 ex
871 1907 1026 1965 arboribus
1058 1907 1203 1982 victuros‚'
1237 1923 1324 1979 quam

205 2018 220 2068 3
241 2009 413 2082 Pompeium
435 2000 452 2066 e
473 2009 608 2067 manibus
630 2009 808 2069 dimissuros.
853 2008 996 2067 Libenter
1019 2009 1108 2066 etiam
1131 2025 1167 2066 ex
1189 2009 1325 2082 periugis

244 2113 459 2185 cognoscebant
470 2126 558 2183 equos
570 2127 670 2169 eorum
681 2112 810 2186 tolerari,
823 2112 938 2184 reliqua
949 2128 1020 2170 vero
1032 2112 1164 2169 iumenta
1175 2112 1324 2184 interisse;

244 2213 290 2270 uti
305 2218 404 2270 autem
420 2213 505 2286 'ipsos
519 2213 691 2272 valetudine
706 2229 764 2270 non
778 2215 856 2272 bona
870 2229 935 2272 cum
952 2213 1098 2287 angustiis
1120 2213 1177 2271 loci
1192 2219 1223 2271 et
1237 2213 1326 2271 odore
1361 2251 1371 2260 -

245 2319 343 2373 taetro
360 2330 395 2371 ex
410 2314 601 2372 multitudine
618 2314 795 2373 cadaverum
812 2321 843 2373 et
857 2315 1013 2374 cotidianis
1029 2315 1180 2373 laboribus
1194 2315 1326 2373 insuetos

208 2428 223 2476 4
245 2419 373 2491 operum,
395 2421 458 2474 tum
473 2419 570 2488 aquae
582 2432 695 2475 summa
709 2417 809 2490 inopia
824 2416 963 2476 adfectos.
994 2416 1099 2476 Omnia
1114 2419 1191 2475 enim
1206 2416 1328 2475 flumina

248 2525 337 2592 atque
349 2534 448 2577 omnes
459 2519 548 2594 rivos,
565 2505 615 2592 qui
627 2520 664 2577 ad
676 2535 757 2578 mare
771 2520 969 2594 pertinebant
986 2518 1096 2579 Caesar
1111 2525 1163 2578 aut
1174 2524 1328 2578 averterat

250 2628 303 2681 aut
324 2622 441 2696 magnis
464 2624 601 2698 operibus
616 2624 813 2698 obstruxerat
837 2629 926 2695 atquc
948 2627 981 2681 ut
995 2627 1082 2681 erant
1096 2622 1161 2680 loca
1174 2627 1329 2681 montuosa

249 2731 280 2784 et
302 2741 426 2800 asperae
448 2726 603 2798 angustiae
624 2725 759 2799 vallium,
788 2725 843 2783 bas
865 2725 985 2784 sublicis
1007 2725 1039 2781 in
1060 2729 1172 2781 terram
1194 2724 1329 2782 demissis

211 2836 225 2884 5
246 2831 473 2902 pr'acsacpserat
489 2813 662 2896 ¹terramque
677 2826 858 2898 adgesserat,
880 2829 915 2881 ut
930 2839 1035 2894 aquarn
1055 2821 1246 2880 continerent.
1279 2823 1330 2882 Ita

248 2927 295 2984 illi
311 2925 483 2983 <necessario
502 2926 570 2983 loca
585 2925 667 2996 sequi
691 2924 817 2983 demissa
831 2940 866 2983 ac
887 2923 1036 2998 palustria
1051 2928 1082 2980 et
1102 2927 1207 2998 puteos
1227 2923 1330 2983 fodere

250 3015 432 3100 cogebantur
455 3013 644 3098 atque‘nunc
669 3026 801 3084 laborem
823 3026 861 3084 ad
882 3025 1031 3084 cotidiana
1057 3041 1147 3100 opera
1169 3025 1329 3100 addebant3

251 3130 301 3202 qui
330 3134 430 3186 tamen
458 3129 556 3187 fontes
582 3145 600 3187 a
629 3129 802 3202 quibusdam
829 3127 986 3204 praesidiis
1014 3129 1139 3186 aberant
1160 3127 1278 3201 longius
1299 3134 1331 3186 et

214 3242 230 3290 6
251 3233 390 3291 celeriter
401 3232 532 3290 aestibus
545 3232 764 3291 excrescebant.
784 3232 827 3290 At
838 3228 977 3291 Caesaris?
985 3231 1132 3288 exereitus
1144 3233 1208 3287 cum
1220 3232 1331 3305 optima

248 3321 424 3393 ualetudine
456 3333 626 3406 summaque
655 3333 748 3406 aquae
779 3335 863 3409 copia
888 3333 1040 3406 utebatur,
1069 3337 1133 3389 tum
1154 3337 1331 3391 commeatus

253 3437 331 3494 omni
360 3443 469 3509 genere
495 3441 618 3511 praeter
644 3435 824 3494 frumentum
853 3432 1035 3508 abundabat,
1069 3450 1103 3493 ac
1135 3434 1193 3492 sibi
1225 3434 1331 3492 cotidie

253 3539 358 3596 melius
373 3553 544 3596 succurrere
566 3543 682 3613 tempus
696 3538 893 3610 maioremque
915 3553 997 3612 spem
1016 3537 1189 3595 maturitate
1203 3536 1332 3594 frumen·

253 3646 350 3699 torum
371 3640 496 3716 proponi
517 3639 667 3699 videbant.

337 3737 393 3805 50.
415 3741 451 3800 In
465 3758 541 3801 novo
564 3758 672 3815 genere
692 3741 764 3800 belli
779 3757 872 3800 novae
889 3742 925 3799 ab
941 3742 1075 3813 utrisque
1096 3739 1227 3798 bellandi
1242 3741 1333 3798 ratio-

254 3858 306 3904 nes
321 3845 556 3920 reperiebantur.
586 3844 645 3920 Illi‚
668 3861 733 3903 cnm
749 3844 1030 3903 animadvertissent
1044 3859 1080 3901 ex
1102 3843 1222 3916 ignibus
1244 3849 1333 3900 noctu

255 3948 389 4006 cohortes
411 3952 528 4006 nostras
551 3947 588 4005 ad
603 3947 780 4006 munitiones
795 3947 947 4020 excubare,
971 3945 1089 4004 silentio
1112 3944 1247 4017 adgressi
1269 3945 1334 4002 uni-
