2964 4506
225 279 266 339 90
600 279 649 334 DE
666 279 784 334 BELLO
803 278 917 334 GIVILI

188 456 270 514 this
298 455 464 514 rationibus
487 457 651 529 equitatum
673 456 811 516 tolerare.
855 453 912 514 Sed
944 461 1099 530 postquam
1131 471 1191 513 non
1223 453 1308 512 modo

224 556 365 618 hordeum
394 558 593 631 pabulumque
621 557 753 616 omnibus
782 556 854 616 loeis
882 556 1048 629 herbaeque
1079 558 1228 632 desectae,
1256 556 1307 615 sed

224 660 314 718 etiam
341 659 424 718 irons
452 676 489 717 ex
521 661 677 720 arboribus
710 655 883 734 deficiebat,
916 660 1064 735 corruptis
1098 659 1181 732 equis
1214 658 1308 717 macie

224 760 387 820 conandum
409 762 466 821 sibi
488 762 602 834 aliquid
625 761 782 836 Pompeius
804 761 840 819 de
863 763 1018 835 eruptione
1039 762 1231 821 existimavit.
1276 795 1278 800 ·

308 857 362 926 59.
384 863 482 922 Erant
504 863 582 940 apud
597 862 754 922 Gaesarem
775 863 807 921 in
829 864 961 937 equitum
983 881 1103 923 numero
1126 865 1306 937 Allobroges

223 967 394 1040 hirenes,
416 965 570 1028 Roucillus
591 971 622 1024 et
643 965 739 1040 ligus,
762 965 913 1025 Adbucilli
935 966 1004 1041 filii,
1034 967 1084 1039 qui
1108 967 1307 1040 principatum

224 1071 256 1126 in
278 1067 402 1126 civitate
424 1068 526 1126 multis
549 1069 635 1126 annis
657 1067 839 1143 obtinuerat,
862 1068 1009 1141 singulari
1031 1070 1145 1128 virtute
1166 1069 1306 1143 homines,

224 1185 346 1241 quorum
357 1185 448 1244 opera
459 1168 569 1229 Caesar
580 1171 714 1230 omnibns
726 1169 850 1229 Gallicis
865 1170 952 1228 bellis
964 1171 1074 1245 optima
1084 1170 1307 1243 fortissimaque

185 1279 200 1328 2
226 1277 292 1330 erat
313 1288 392 1332 usus.
436 1271 492 1330 His
514 1273 591 1332 domi
614 1274 649 1332 ob
671 1273 725 1331 has
755 1288 860 1332 causas
889 1273 1085 1348 amplissimos
1106 1273 1303 1346 magistratus

222 1374 417 1433 mandaverat
449 1380 539 1448 atque
568 1391 616 1434 eos
650 1381 737 1433 extra
769 1375 901 1434 ordinem
931 1376 963 1433 in
995 1381 1130 1434 senatum
1163 1375 1303 1448 legendos

221 1483 381 1535 curaverat
409 1493 554 1550 agrosque
582 1478 614 1536 in
635 1476 795 1536 (11111111
823 1477 958 1536 hostibus
980 1483 1082 1553 captos
1110 1477 1302 1554 praemiaque

222 1577 266 1636 rei
293 1579 481 1651 pecuniariae
512 1596 622 1652 magna
649 1580 799 1637 tribuerat
828 1579 1047 1652 locupletesque
1076 1596 1113 1638 ex
1146 1580 1312 1653 egentibus.

183 1680 340 1738 eiecerat.
383 1679 424 1739 Hi
451 1687 574 1755 propter
601 1681 745 1740 virtutem
773 1696 832 1740 non
861 1681 955 1740 solum
984 1680 1064 1756 apud
1092 1680 1249 1741 Gaesarem
1270 1681 1312 1739 in

220 1781 329 1839 honore
351 1788 445 1857 erant,
472 1782 523 1840 sed
545 1783 635 1866 etiam
657 1780 735 1855 apud
757 1783 919 1842 exercitum
942 1783 1005 1842 cari
1026 1783 1227 1857 habebantur;
1250 1782 1303 1842 sed

220 1883 292 1940 ireti
320 1884 452 1942 amicitia
479 1883 615 1944 Caesaris
642 1889 674 1942 et
699 1884 794 1942 stulta
816 1901 851 1943 ae
879 1886 1010 1944 barbara
1030 1885 1207 1958 arrogantia
1228 1884 1302 1944 elati

220 1984 422 2058 despiciebant
434 2002 502 2045 suos
515 1985 751 2060 stipendiumque
766 1987 898 2059 equitum
919 1986 1101 2046 fraudabant
1116 1993 1147 2045 et
1161 1986 1303 2060 praedam

183 2095 197 2144 l
219 2106 331 2148 omnem
353 2090 468 2148 domum
491 2089 676 2148 avertebant.
706 2087 818 2159 Quibus
839 2089 886 2147 illi
908 2092 996 2148 rebus
1018 2090 1145 2162 permoti
1166 2089 1301 2150 universi

221 2189 376 2250 Caesarem
398 2191 537 2250 adierunt
558 2191 714 2264 palamque
736 2190 773 2250 de
795 2207 895 2251 eorum
916 2190 1034 2250 iniuriis
1061 2197 1131 2251 sunt
1152 2191 1249 2264 questi
1271 2196 1303 2249 et

221 2292 258 2350 ad
280 2298 381 2352 cetera
402 2291 580 2350 addiderunt
601 2293 710 2352 falsum
732 2294 769 2350 ab
792 2293 831 2352 iis
854 2294 986 2367 equitum
1008 2310 1161 2353 numerum
1183 2292 1303 2368 deterri,

221 2411 346 2467 quorum
369 2394 548 2470 stipendium
571 2401 752 2455 averterent.

305 2490 361 2562 bb.
384 2496 494 2556 Caesar
508 2514 602 2570 neque
617 2504 732 2574 tempus
747 2497 822 2556 illud
837 2497 1101 2557 animadversionis
1123 2513 1187 2556 esse
1202 2497 1306 2554 existi·

219 2617 307 2659 mans
322 2606 353 2660 et
367 2601 585 2660 multavirtuti
601 2617 701 2660 eorum
716 2601 874 2660 concedens
889 2618 951 2659 rem
966 2607 1060 2660 totam
1078 2600 1215 2673 sustulit3
1237 2599 1305 2658 illos

220 2708 333 2764 secreto
360 2704 536 2778 castigavit,
558 2703 634 2778 qnod
656 2702 793 2777 quaestui
815 2703 929 2774 equites
951 2702 1103 2776 haberent,
1125 2702 1305 2776 monuitque,

220 2810 254 2863 ut
276 2821 313 2862 ex
334 2821 389 2863 sua
410 2805 542 2864 amicitia
570 2805 668 2862 omnia
690 2807 897 2875 exspectarent
928 2809 959 2860 et
986 2819 1024 2860 ax
1044 2803 1219 2877 praeteritis
1241 2803 1304 2860 suis

185 2913 198 2962 2
221 2906 326 2966 officiis
347 2908 465 2981 reliqua
485 2911 648 2979 sperarent.
681 2904 821 2975 Magnam
844 2908 943 2961 tamen
963 2903 1037 2960 haec
1058 2918 1106 2960 res
1127 2902 1189 2961 illis
1211 2902 1302 2961 offen-

222 3009 333 3067 sionem
355 3015 386 3067 et
407 3006 651 3079 contemptionem
673 3005 711 3064 ad
726 3020 826 3064 omnes
844 2991 955 3078 attulit,
974 3005 1063 3078 idque
1084 3004 1129 3062 ita
1150 3020 1214 3062 esse
1236 3020 1302 3063 cum

222 3126 259 3168 ex
274 3111 400 3170 aliorum
415 3108 668 3183 obiectationibus,
684 3113 748 3167 tum
763 3107 853 3166 etiam
868 3123 904 3166 ex
920 3107 1077 3166 domestico
1091 3106 1200 3166 iudicio
1215 3113 1305 3181 atque

186 3217 201 3268 3
223 3213 314 3272 animi
335 3213 515 3271 mnsoientia
528 3211 752 3284 intellegebant.
783 3209 845 3282 Quo
860 3210 972 3285 pudore
986 3209 1107 3268 adducti
1122 3217 1153 3267 et
1174 3209 1302 3270 fortasse

223 3331 282 3374 uon
296 3331 327 3373 se
341 3313 472 3388 liberari
490 3312 587 3371 sedin
602 3312 684 3370 aliud
699 3318 816 3387 tempus
831 3312 981 3371 reservari
996 3311 1138 3370 arbitrati
1154 3311 1303 3370 discedere

224 3416 260 3474 ab
282 3415 366 3473 nobis
388 3419 419 3472 11
440 3428 546 3472 novam
567 3417 715 3488 temptare
743 3414 891 3471 fortunam
914 3428 1062 3485 novasque
1085 3412 1231 3472 amicitias
1254 3429 1302 3470 ex·

186 3517 317 3593 aperiri
339 3515 563 3575 constituerunt.
607 3514 649 3575 Et
671 3531 736 3575 oum
756 3515 860 3589 paucis
886 3514 1032 3574 conlocuti
1054 3514 1212 3572 clientibus
1233 3515 1303 3589 suit,
1353 3513 1354 3520 ’

224 3619 329 3692 qurbus
344 3623 460 3676 tantum
475 3617 591 3676 facinus
606 3618 788 3676 committere
804 3617 960 3693 audebant,
979 3617 1106 3693 primum
1121 3617 1219 3675 conati
1234 3622 1305 3675 sunt

223 3721 405 3794 praelectum
427 3719 560 3794 equitum
582 3718 613 3779 0.
635 3719 816 3780 Volusenum
837 3719 1019 3795 interficere,
1044 3723 1079 3778 ut
1100 3723 1204 3792 postea
1224 3719 1303 3778 bella

224 3823 354 3882 coniecto
382 3822 534 3906 cognitum
562 3827 622 3898 est,
652 3828 687 3881 ut
708 3838 774 3881 cum
800 3838 920 3881 munere
949 3822 1047 3895 aliquo
1075 3820 1242 3894 perfugisse
1265 3819 1303 3879 ad

186 3931 201 3980 5
222 3924 390 4000 Pompeium
405 3926 594 3998 viderentur;
617 3930 772 3999 postquam
787 3923 818 3983 id
837 3925 952 3983 facinus
974 3921 1123 3981 difficilius
1138 3922 1234 3981 visum
1255 3929 1305 3984 est
