2960 4500
438 963 801 1047 COMMENTARIUS
829 963 1082 1049 SECUNDUS.

309 1117 339 1186 l.
365 1122 443 1181 Dum
466 1121 537 1180 haee
557 1121 586 1180 in
609 1120 750 1198 Hispania
771 1127 919 1200 geruntur,
942 1123 973 1186 0.
993 1124 1155 1184 Trebonius
1177 1125 1300 1202 legatus,

222 1223 272 1300 qui
287 1224 323 1282 ad
339 1223 585 1301 oppugnationem
600 1223 743 1284 Massiliae
756 1223 870 1284 reliotns
885 1230 959 1302 erat,
981 1225 1094 1285 duabus
1109 1244 1145 1285 ex
1167 1226 1299 1303 partibus

184 1333 198 1382 2
220 1344 367 1403 aggerem,
388 1325 488 1386 vineas
502 1330 652 1402 turresque
667 1325 704 1384 ad
720 1325 857 1403 oppidum
874 1345 960 1402 agere
981 1327 1112 1388 instituit.
1147 1328 1215 1388 Una
1236 1332 1298 1388 erat

220 1427 354 1505 proxima
368 1428 463 1505 portui
478 1427 696 1504 navalibusque,
719 1428 810 1488 altera
824 1429 861 1488 ad
873 1435 996 1507 portam,
1019 1448 1078 1506 qua
1093 1435 1135 1490 est
1152 1429 1246 1490 aditus
1261 1448 1298 1490 ex

223 1529 319 1590 Gallia
335 1535 423 1606 atque
437 1531 578 1608 Hispania
593 1526 641 1608 [ad
655 1530 685 1589 id
703 1548 791 1607 mare,
813 1532 891 1607 quod
907 1532 1018 1592 adiaeet
1039 1532 1076 1591 ad
1099 1532 1204 1593 ostium
1220 1531 1296 1592 Rho

183 1642 197 1690 3
220 1629 310 1710 dani}
331 1633 457 1692 Massilia
471 1633 546 1692 enim
561 1632 623 1693 fere
633 1632 725 1693 tribus
740 1651 776 1692 ex
789 1631 911 1710 [oppidi]
923 1634 1055 1711 partibus
1067 1634 1140 1693 man‘
1154 1634 1298 1712 adluitur3

220 1734 332 1811 reliqua
353 1740 457 1811 quarta
471 1740 522 1814 est,
546 1753 621 1811 quae
636 1735 745 1795 aditum
769 1734 878 1796 habeat
891 1736 928 1795 ab
951 1741 1035 1796 terra.
1066 1736 1161 1796 Huius
1184 1753 1303 1813 quoque

220 1836 307 1913 spatii
328 1855 396 1914 pars
418 1855 461 1914 ea,
483 1855 558 1913 quae
573 1837 610 1896 ad
626 1855 720 1896 aroem
742 1837 874 1915 pertinet,
895 1838 951 1898 looi
964 1842 1070 1898 natura
1092 1843 1120 1899 et
1134 1839 1209 1898 valle
1223 1837 1300 1898 altis·

185 1950 198 1998 4
221 1938 294 1998 sima
316 1941 429 1999 munite
450 1940 568 2016 longam
591 1944 620 2000 et
641 1938 789 2000 difficilem
811 1939 899 2001 habet
914 1941 1171 2018 oppugnationem.
1197 1940 1243 2000 Ad
1265 1957 1303 2000 ea

221 2039 399 2117 perficienda
420 2059 509 2118 opera
531 2040 563 2101 Ο.
582 2041 746 2101 'lrebonius
768 2059 905 2118 magnam
927 2043 1120 2102 iumentorum
1143 2046 1230 2118 atque
1251 2041 1301 2101 ho

222 2143 337 2202 minum
352 2144 563 2204 multitudinem
580 2161 617 2202 ex
632 2143 711 2204 omni
731 2144 881 2221 provineia
897 2150 997 2224 voeat3
1020 2145 1129 2204 vimina
1143 2143 1304 2206 materiam-

224 2262 281 2321 que
306 2245 479 2322 oomportari
493 2246 583 2306 iubet.
616 2245 725 2316 Quibus
748 2247 920 2323 eomparatis
941 2247 1028 2307 rebus
1042 2264 1178 2323 aggerem
1192 2246 1221 2304 in
1243 2244 1304 2305 alti·

223 2349 353 2410 tudinem
376 2347 482 2424 pedum
504 2366 583 2406 nxxx
605 2347 734 2408 exstruit.

310 2445 342 2511 2.
366 2449 423 2510 Sed
445 2451 516 2510 tenti
541 2454 623 2510 erant
644 2449 804 2526 antiquitus
823 2449 852 2508 in
875 2449 983 2527 oppido
998 2449 1126 2509 omnium
1149 2467 1244 2508 rerum
1267 2447 1305 2508 ad

225 2553 334 2613 bellum
357 2556 513 2629 apparatus
543 2557 682 2628 tantaque
703 2551 873 2629 magnitudo
900 2556 1123 2629 tormentorum,
1150 2556 1304 2611 uteorum

189 2667 203 2718 2
226 2656 285 2715 vim
309 2655 406 2715 nullae
421 2659 573 2716 contextae
586 2654 741 2714 viminibus
756 2656 860 2714 vineae
874 2655 1014 2715 sustinere
1028 2659 1156 2732 possent.
1188 2654 1306 2713 Asseros

227 2759 305 2818 enim
328 2756 434 2834 pedum
457 2775 500 2815 xn
522 2755 690 2831 cuspidibus
718 2754 841 2830 praefixi
863 2761 952 2830 atque
980 2756 1009 2814 hi
1031 2755 1164 2814 maximis
1186 2753 1306 2814 ballistis

190 2869 205 2919 3
227 2859 306 2918 missi
328 2876 380 2935 per
394 2876 439 2915 1111
454 2855 567 2917 ordines
583 2855 702 2916 cratium
717 2857 747 2914 iu
762 2860 839 2916 terra
853 2855 1065 2932 deligebantur.
1095 2857 1198 2932 Itaque
1218 2856 1306 2933 peda

226 2960 302 3020 libus
324 2958 411 3034 tignis
432 2956 590 3018 ooniunotis
611 2957 687 3016 inter
708 2974 739 3016 se
760 2958 889 3034 portieus
910 2957 1121 3035 integebantur,
1143 2963 1231 3034 atque
1252 2958 1308 3019 hae

191 3072 206 3122 4
227 3079 318 3138 agger
339 3063 533 3120 intermunus
554 3057 763 3136 proferebatur.
795 3059 992 3122 Anteeedebat
1013 3061 1126 3120 testudo
1141 3060 1248 3137 pedum
1270 3078 1307 3120 nx

229 3163 373 3239 aequandi
403 3162 458 3222 looi
480 3179 567 3222 eausa
588 3159 667 3221 faeta
687 3161 755 3222 item
778 3180 814 3222 ex
836 3160 996 3223 fortissimis
1025 3163 1125 3240 tignis,
1153 3163 1309 3223 oonvoluta

230 3265 365 3327 omnibus
386 3265 486 3346 rebus,
515 3264 620 3339 quibus
641 3264 716 3341 ignis
737 3265 829 3325 iaetus
857 3270 886 3325 et
907 3265 1016 3342 lapides
1045 3263 1160 3324 defendi
1181 3269 1309 3341 possent.

193 3378 208 3428 5
230 3369 285 3429 Sed
308 3366 480 3444 magnitudo
502 3384 633 3442 operum,
655 3366 777 3427 altitudo
797 3367 871 3426 muri
894 3371 981 3443 atque
1002 3366 1132 3442 tunium,
1154 3364 1309 3427 multitudo

193 3479 208 3529 6
230 3475 438 3532 tormentorum
462 3487 577 3530 omnem
600 3469 874 3529 administrationem
895 3469 1038 3529 tardabat.
1074 3468 1199 3529 (lrebrae
1220 3471 1308 3529 etiam

231 3592 284 3652 per
312 3572 428 3658 Albioos
456 3571 620 3648 eruptiones
645 3570 758 3632 fiebant
785 3590 821 3632 ex
850 3572 957 3649 oppido
986 3571 1125 3648 ignesque
1153 3571 1253 3648 aggeri
1280 3575 1309 3631 et

233 3674 359 3736 tunibus
393 3671 607 3753 inferebantur3
642 3692 718 3751 quae
752 3673 836 3734 faoile
869 3673 959 3734 nostri
989 3673 1092 3734 milites
1123 3673 1309 3750 repellebant,

233 3777 404 3853 magnisque
426 3776 501 3836 ultro
522 3776 617 3836 inlatis
631 3776 807 3837 detrimentis
828 3795 885 3856 eos,
908 3776 958 3854 qui
972 3775 1151 3853 eruptionem
1173 3775 1310 3853 fererant,

234 3879 264 3938 in
287 3879 424 3956 oppidum
447 3878 610 3939 reioiebant.
