2960 4500
220 198 259 255 10
604 199 653 252 DE
672 198 791 254 BELLO
811 199 925 255 CIVILI

303 367 358 438 20.
387 369 548 450 Divulgato
572 373 693 434 Domitii
716 375 834 434 consilio
857 375 969 451 milites,
992 375 1146 450 quierant
1171 372 1304 442 Corfinii,

219 478 314 550 primo
340 495 459 554 vespere
481 477 669 537 secessionem
690 475 803 538 faciunt
818 482 906 553 atque
918 477 960 537 ita
973 477 1047 537 inter
1061 495 1092 538 se
1106 495 1158 555 per
1172 477 1304 536 tribunos

217 579 342 638 militum
369 579 606 654 centurionesque
632 584 720 654 atque
748 579 963 640 honestissimos
992 579 1037 639 sui
1066 580 1180 656 generis
1208 579 1302 638 conlo·

180 689 195 737 2
218 685 362 756 quuntur:
386 681 511 740 obsideri
533 699 563 740 se
582 681 745 758 aGaesare,
767 700 857 758 opera
878 681 1111 756 munitionesque
1130 699 1222 757 prope
1242 696 1303 739 esse

219 781 376 861 perfectas,
400 783 502 842 ducem
525 801 612 842 suum
635 782 806 856 Domitium,
830 787 913 845 ouius
934 802 986 861 spe
1006 789 1094 860 atque
1114 781 1224 843 fiducia
1237 800 1304 858 per-

218 887 385 962 manserint,
407 885 540 962 proiectis
563 885 697 946 omnibus
718 884 808 962 fugae
830 887 981 947 consilium
1003 903 1121 963 capere:
1143 886 1248 945 debere
1271 901 1303 944 se

183 996 197 1044 3
220 1005 290 1047 suae
311 987 410 1047 salutis
431 988 572 1048 rationem
594 987 711 1048 habere.
754 989 800 1048 Ab
822 988 866 1048 his
880 991 975 1064 primo
989 989 1076 1048 Marsi
1091 987 1241 1048 dissentire
1262 987 1304 1045 in-

218 1089 328 1166 cipiunt
342 1107 466 1164 eamque
480 1089 580 1166 oppidi
596 1095 717 1166 partem,
739 1108 815 1165 quae
836 1090 1029 1150 munitissima
1042 1090 1197 1166 videretur,
1219 1107 1304 1149 occu·

180 1201 194 1248 4
217 1195 297 1268 pant,
319 1196 458 1266 tantaque
479 1192 554 1250 inter
580 1209 629 1252 eos
652 1191 792 1252 dissensio
814 1192 933 1263 exsistit,
959 1195 992 1250 ut
1012 1209 1132 1250 manum
1155 1207 1303 1250 conserere

217 1298 305 1369 atque
327 1293 413 1353 armis
435 1293 571 1354 dimicare
603 1299 757 1372 conentur,
787 1299 853 1368 post
873 1295 961 1372 paulo
989 1299 1087 1354 tamen
1114 1292 1300 1354 internuntiis

216 1397 291 1455 ultro
313 1395 442 1470 citroque
463 1395 556 1455 missis
583 1414 658 1471 quae
679 1397 862 1474 ignorabant,
885 1397 921 1458 de
942 1397 975 1456 L.
999 1395 1121 1456 Domitii
1145 1379 1226 1471 fuga,
1255 1413 1302 1454 oo-

179 1501 369 1574 agnoscunt.
413 1498 516 1572 Itaque
539 1515 639 1558 omnes
661 1517 720 1558 uno
743 1499 861 1559 consilio
884 1497 1046 1558 Domitium
1071 1497 1244 1574 productum
1271 1496 1302 1555 in

216 1599 364 1676 publicum
387 1599 599 1660 circumsistunt
621 1604 650 1659 et
672 1600 837 1660 custodiunt
857 1601 1026 1676 legatosque
1048 1617 1084 1660 ex
1105 1617 1158 1658 suo
1181 1616 1302 1658 numero

217 1702 254 1761 ad
277 1701 429 1761 Gaesarem
457 1701 593 1761 mittunt:
622 1720 685 1766 sese
713 1707 831 1776 paratos
860 1720 922 1762 esse
948 1707 1047 1779 portas
1075 1701 1186 1778 aperire
1214 1718 1302 1776 quae.

217 1822 274 1879 que
294 1804 478 1881 imperaverit
499 1803 594 1865 faeere
610 1809 639 1865 et
654 1804 689 1864 L.
713 1803 872 1866 Domitium
887 1806 986 1866 vivum
1001 1805 1107 1865 ineius
1130 1809 1302 1880 potestatem

217 1906 339 1967 madere.

300 2003 355 2072 21.
378 2007 490 2082 Quibus
512 2010 599 2069 rebus
621 2009 745 2085 cognitis
768 2009 875 2070 Caesar
897 2009 950 2069 etsi
970 2010 1071 2084 magni
1092 2008 1230 2068 interesse
1257 2025 1303 2066 ar·

216 2112 378 2171 bitrabatur
400 2130 487 2187 quam
509 2113 635 2187 primum
658 2113 767 2189 oppido
790 2114 879 2189 potiri
901 2111 1089 2186 cohortesque
1112 2111 1149 2170 ad
1163 2129 1194 2170 se
1208 2110 1238 2168 in
1254 2127 1299 2169 ca-

215 2219 275 2274 stra
295 2214 453 2290 traducere,
475 2232 513 2273 ne
535 2232 594 2289 qua
616 2219 668 2274 aut
689 2215 893 2290 largitionibus
913 2220 964 2274 aut
978 2215 1065 2274 animi
1080 2214 1299 2275 confirmatione

216 2321 267 2375 aut
287 2315 367 2376 falsis
398 2315 507 2375 nuntiis
533 2317 721 2376 commutatio
750 2314 835 2374 fieret
863 2315 1028 2392 voluntatis,
1058 2316 1138 2391 quod
1158 2334 1245 2393 saepe
1268 2319 1299 2376 in

178 2424 193 2472 2
215 2419 290 2478 bello
313 2417 410 2494 parvis
432 2417 584 2477 momentis
605 2417 704 2494 magni
727 2435 810 2477 casus
832 2417 1047 2495 intercederent,
1069 2423 1166 2478 tamen
1180 2419 1297 2495 veritus,

215 2539 253 2580 ne
273 2521 395 2581 militum
417 2520 536 2580 introitu
558 2526 588 2582 et
608 2521 742 2582 nocturni
769 2520 907 2597 temporis
937 2519 1051 2581 licentia
1073 2521 1213 2598 oppidum
1235 2521 1301 2580 diri·

215 2628 339 2701 peretur,
361 2642 418 2701 eos,
441 2623 491 2700 qui
512 2628 659 2700 venerant,
682 2623 836 2682 conlaudat
858 2628 946 2698 atque
967 2622 996 2681 fn
1019 2623 1158 2700 oppidum
1173 2623 1299 2700 remittit,

177 2733 192 2782 3
215 2731 313 2802 portas
335 2744 492 2801 murosque
513 2724 660 2785 adsummi
681 2725 771 2784 iubet.
808 2725 874 2801 Ipse
894 2725 925 2782 in
945 2724 980 2783 iis
1002 2725 1145 2801 operibus,
1168 2743 1243 2800 quae
1257 2723 1299 2783 fa-

215 2845 279 2888 cere
300 2827 469 2904 instituerat,
491 2827 594 2886 milites
616 2825 742 2902 disponit
763 2843 823 2884 non
845 2825 928 2886 certis
949 2826 1048 2902 spatiis
1068 2825 1242 2898 intermissis,
1264 2831 1298 2885 ut

215 2934 277 2990 erat
298 2929 478 3006 superiorum
500 2928 611 2988 dierum
634 2927 821 3004 consuetudo,
843 2928 893 2988 sed
914 2928 1060 3004 perpetuis
1082 2928 1186 3004 vigiliis
1200 2928 1297 2989 statio-

214 3032 366 3108 nibusque,
388 3035 422 3090 ut
445 3032 616 3106 contingant
637 3031 712 3090 inter
733 3048 764 3089 se
786 3034 873 3106 atque
900 3049 1014 3090 omnem
1033 3031 1220 3090 munitionem
1250 3049 1299 3090 ex·

177 3142 193 3190 4
215 3134 328 3211 pluant,
352 3133 482 3194 tribunos
504 3130 630 3194 militum
653 3138 682 3194 et
707 3131 868 3210 praefectos
896 3133 1091 3194 circummittit
1118 3138 1206 3208 atque
1233 3133 1298 3193 hor-

213 3242 300 3315 tatur,
321 3256 380 3297 non
402 3237 494 3296 solum
518 3237 555 3296 ab
578 3235 776 3313 eruptionibus
798 3241 927 3311 caveant,
949 3234 999 3294 sed
1015 3237 1101 3294 etiam
1117 3235 1296 3311 singulorum

178 3347 191 3396 t
214 3340 365 3400 hominum
388 3339 514 3399 occultos
529 3337 622 3398 exitus
646 3337 808 3396 adservent.
837 3337 941 3411 Neque
962 3353 1030 3396 vero
1046 3340 1105 3395 tam
1120 3335 1237 3396 remisso
1260 3355 1295 3398 ao

161 3501 164 3506 ,
214 3441 351 3518 languido
373 3440 470 3499 animo
492 3440 648 3514 quisquam
670 3437 798 3497 omnium
824 3437 889 3514 fuit,
918 3439 969 3514 qui
991 3455 1026 3497 ea
1053 3442 1137 3498 nocte
1158 3441 1294 3514 conquie-

171 3550 191 3600 o
212 3541 301 3600 verit:
325 3543 407 3599 tanta
427 3542 489 3597 erat
509 3554 640 3596 summae
662 3554 757 3596 rerum
780 3535 964 3614 exspectatio,
991 3540 1023 3596 ut
1051 3538 1125 3596 alius
1151 3537 1180 3596 in
1209 3537 1294 3597 aliam

213 3653 324 3720 partem
346 3644 442 3700 mente
464 3645 552 3715 atque
573 3625 859 3716 animo'traheretur,
881 3639 950 3714 quid
966 3639 1035 3715 ipsis
1058 3637 1295 3716 Corfiniensibus,

213 3745 283 3822 quid
297 3743 434 3820 Domitio,
456 3741 526 3818 quid
541 3742 674 3819 lentulo,
696 3742 767 3817 quid
782 3742 897 3818 reliquis
919 3741 1067 3815 accideret,
1090 3741 1140 3816 qui
1162 3759 1294 3816 quosque

214 3852 335 3908 eventus
357 3845 529 3922 exciperent.

1460 298 1466 353 l
