2960 4500
245 241 285 299 64
621 240 673 294 Du
691 239 812 295 BELLO
832 239 945 295 CIVILI

243 418 274 474 in
304 417 404 477 Gallia
431 422 478 476 tot
503 418 591 475 bellis
619 417 787 476 defecerant
814 417 992 490 longumque
1025 418 1085 475 iter
1114 434 1150 475 ex
1179 417 1324 492 Hispania

245 511 405 598 [magnum]
429 535 581 576 numerum
603 519 788 577 deminuerat
810 525 839 577 et
860 519 963 592 gravis
982 524 1139 577 autumnus
1161 520 1192 577 in
1215 519 1325 594 Apulia

242 621 408 694 circumque
436 621 627 679 Brundisium
656 637 692 679 ex
720 620 921 679 saluberrimis
955 620 1072 680 Galliae
1104 627 1135 679 et
1161 621 1324 695 Hispaniae

240 722 409 796 regionibns
431 738 544 781 omnem
567 723 725 781 exereitum
748 723 917 782 valetudine
938 726 1144 797 temptaverat.

327 819 362 888 3.
385 826 543 899 Pompeius
559 841 687 884 annuum
709 827 838 899 spatium
853 826 891 884 ad
906 826 1117 900 comparandas
1132 827 1232 900 copias
1255 843 1321 884 nac·

241 933 296 1004 tus,
312 928 388 1001 qnod
403 944 527 987 vacuum
542 945 561 986 a
574 928 652 986 bello
667 933 756 1001 atque
772 930 808 986 ah
823 928 905 986 hoste
921 929 1045 987 otiosum
1060 929 1167 1004 fuerat,
1183 945 1320 1002 magnam

241 1047 276 1087 ex
291 1029 365 1088 Asia
376 1030 611 1103 Cycladibusque
622 1031 735 1106 insulis,
751 1029 888 1104 Corcyra
903 1029 1037 1105 Athenis,
1052 1030 1154 1106 Ponto,
1170 1029 1320 1106 Bithynia,

241 1133 343 1208 Syria,
373 1132 491 1208 Gilicia,
514 1133 674 1207 Phoenice,
698 1134 835 1206 Aegypto
862 1133 984 1190 classem
1007 1139 1159 1209 coegerat,
1182 1149 1320 1206 magnam

201 1241 215 1290 2
238 1235 371 1294 omnibus
382 1235 454 1294 locis
470 1235 681 1294 aedificandam
696 1238 866 1308 curaverat;
882 1251 1019 1308 magnam
1033 1233 1207 1307 imperatam
1220 1235 1317 1310 Asiae,

240 1335 346 1411 Syriae
367 1338 545 1410 regibusque
567 1335 698 1395 omnibus
721 1342 752 1394 et
773 1335 907 1410 dynastis
930 1342 961 1395 et
982 1336 1143 1394 tetrarchis
1166 1341 1196 1394 et
1216 1335 1318 1396 liberis

239 1438 369 1497 Achaiae
390 1439 508 1513 populis
530 1439 684 1512 pecuniam
707 1444 856 1514 exegerat,
879 1455 1017 1511 magnam
1039 1440 1193 1499 societates
1216 1455 1316 1497 earum

237 1540 463 1616 provinciarum,
487 1557 559 1614 quas
581 1539 643 1614 ipse
665 1539 825 1615 obtinebat,
848 1539 904 1598 sibi
927 1556 1084 1598 numerare
1105 1546 1251 1613 coegerat.

322 1637 355 1708 4.
379 1643 524 1716 Legiones
540 1643 680 1701 effecerat
695 1643 803 1702 civium
817 1641 1015 1700 Romanorum
1030 1659 1114 1702 unm:
1130 1660 1150 1701 v
1165 1659 1202 1700 ex
1215 1641 1314 1718 Italia,

237 1761 309 1817 quas
331 1746 520 1819 traduxerat,
542 1761 631 1803 unam
653 1762 689 1803 ex
712 1743 814 1804 cilicia
835 1750 1015 1819 veteranam,
1039 1761 1126 1818 quam
1147 1732 1265 1804 factam
1280 1763 1315 1804 ex

236 1847 349 1905 duabus
372 1847 526 1921 gemellam
548 1848 734 1921 appellabat;
756 1863 844 1907 unam
866 1863 903 1904 ex
925 1845 1016 1905 Creta
1037 1853 1068 1905 et
1088 1847 1258 1906 Macedonia
1279 1864 1315 1906 ex

236 1951 383 2009 veteranis
405 1949 556 2025 militibus,
580 1951 630 2023 qui
653 1948 800 2008 dimissis
822 1949 1021 2023 superioribus
1034 1949 1261 2023 imperatoribus
1282 1950 1314 2007 in

235 2053 281 2110 his
303 2052 463 2126 provinciis
478 2053 682 2126 consederant3
707 2051 779 2110 duas
802 2069 838 2110 ex
852 2050 933 2128 Asia,
955 2069 1027 2125 quas
1046 2052 1192 2111 Lentulus
1213 2053 1313 2110 consul

199 2159 213 2208 2
239 2155 462 2214 conscribendas
491 2160 664 2229 curaveram
687 2161 907 2227 -praeterea
935 2171 1074 2228 magnum
1102 2170 1254 2213 numerum
1281 2171 1317 2212 ex

235 2257 405 2332 Thessalia,
434 2257 570 2333 Boeotia,
597 2257 712 2316 Achaia
738 2256 889 2330 Epiroque
917 2258 1111 2332 supplementi
1139 2258 1255 2315 nomine
1283 2257 1315 2315 in

235 2360 367 2433 legiones
396 2359 600 2420 distribuerat:
628 2359 674 2418 his
702 2360 884 2417 Antonianos
911 2359 1018 2419 milites
1046 2358 1248 2417 admiscuerat.
1277 2393 1316 2402 -

198 2467 212 2515 3
235 2461 361 2520 Praeter
389 2461 443 2520 has
472 2463 660 2536 exspectabat
688 2477 752 2519 cum
781 2459 916 2535 Scipione
945 2477 981 2518 ex
1010 2459 1098 2534 Syria
1125 2461 1257 2534 legiones
1282 2477 1315 2518 11.

238 2563 417 2638 Sagittarios
432 2564 529 2640 Creta,
553 2564 778 2638 Lacedaemone,
802 2581 838 2622 ex
852 2563 944 2622 Ponto
966 2568 1055 2636 atque
1071 2561 1160 2636 Syria
1181 2562 1316 2635 reliquis·

237 2680 293 2736 que
323 2664 558 2723 civitatibus-
580 2681 617 2720 111
645 2663 728 2720 milia
755 2678 875 2720 numero
898 2694 938 2702 —
965 2663 1104 2736 habebat,
1134 2661 1316 2720 funditorum

237 2764 369 2822 cohortes
385 2765 566 2822 sescenarias
580 2781 612 2837 11,
636 2763 766 2834 equitum
782 2779 827 2820 un
847 2762 940 2820 milia.
970 2761 1017 2819 Ex
1039 2762 1144 2833 quibus
1158 2779 1197 2819 no
1212 2761 1315 2818 Gades

235 2864 396 2922 Deiotarus
411 2864 583 2937 adduxerat,
598 2881 619 2920 n
634 2862 852 2921 Ariobarzanes
868 2878 903 2918 ex
918 2859 1116 2934 Cappadocia3
1139 2861 1177 2919 ad
1192 2860 1315 2920 eundem

236 2981 388 3024 numerum
404 2963 494 3038 Cotys
517 2981 553 3022 ex
568 2964 698 3022 Thracia
720 2963 843 3021 dederat
864 2967 895 3021 et
910 2962 1047 3022 Sadalam
1068 2963 1161 3021 filium
1176 2964 1313 3038 miserat;

197 3075 212 3124 4
234 3062 458 3145 θκζΜαοθᾱοΗία
472 3083 506 3125 cc
528 3072 623 3142 erant,
646 3066 751 3140 quihus
768 3064 965 3140 Rhascypolis
985 3071 1133 3141 praeerat,
1156 3067 1313 3125 excellenti

234 3169 357 3243 virtute;
379 3187 400 3227 n
416 3187 451 3227 ex
467 3169 642 3229 Gabinianis
656 3168 848 3243 Alexandria,
871 3167 974 3228 Gades
989 3167 1216 3243 Germanosque,
1240 3184 1313 3241 quos

233 3273 275 3332 ihi
296 3273 332 3331 A.
355 3271 500 3331 Gabinius
524 3271 666 3346 praesidii
688 3287 777 3330 causa
799 3271 877 3344 apud
899 3287 998 3344 regem
1021 3269 1221 3330 Ptolomaeum
1242 3271 1313 3328 reli·

234 3381 347 3448 querat,
363 3373 414 3433 Gn.
429 3374 587 3447 Pompeius
602 3373 681 3432 iilius
697 3389 762 3430 cum
776 3373 870 3430 classe
885 3372 1062 3446 adduxerat;
1077 3389 1151 3432 noco
1166 3389 1202 3431 ex
1217 3373 1312 3432 servis

196 3483 211 3532 a
232 3478 292 3535 suis
313 3482 523 3550 pastorumque
545 3492 663 3534 suorum
685 3491 805 3534 numero
834 3480 985 3549 coegerat3
1015 3491 1066 3534 ccc
1088 3474 1309 3534 Tarcondarius

234 3579 339 3638 Castor
362 3585 392 3637 et
406 3579 581 3638 Domnilaus
596 3595 632 3636 ex
647 3577 857 3651 Gallograecia
872 3577 1015 3637 dederant
1030 3577 1144 3652 (horum
1160 3578 1238 3636 alter
1252 3593 1312 3636 una

233 3686 369 3756 venerat,
403 3682 481 3740 alter
513 3680 606 3740 filium
638 3671 787 3754 miserat];
821 3697 854 3738 oc
886 3697 923 3738 ex
951 3679 1041 3754 Syria
1068 3697 1087 3738 a
1114 3679 1309 3753 Commageno

233 3783 389 3859 Antiocho,
412 3784 459 3842 cui
481 3800 590 3857 magna
603 3783 758 3857 Pompeius
780 3783 913 3857 praemia
934 3783 1093 3858 tribuerat,
1117 3783 1198 3840 missi
1221 3785 1306 3841 erant

194 3893 209 3942 6
232 3887 264 3943 in
285 3886 332 3944 his
359 3885 493 3960 plerique
521 3886 738 3959 hippotoxotae.
782 3884 848 3943 Huc
870 3884 1039 3960 Dardanos,
1067 3883 1174 3942 Bessos
1201 3885 1310 3958 partim
