2964 4506
234 247 275 303 50
611 247 662 301 DE
681 248 799 303 BELLO
818 247 931 304 CIVlLI

234 422 389 482 Caesarem
404 425 502 498 mittit,
524 427 661 497 paratum
675 439 707 482 se
722 440 785 482 esse
800 423 954 500 legionem,
977 425 1024 482 cui
1038 425 1165 500 iusserit,
1188 425 1315 484 tradere.

194 533 209 583 8
231 526 287 584 Ille
311 507 436 584 adeum
452 525 517 585 Sex.
534 525 690 584 Caesarem
712 526 807 584 mittit
829 530 916 599 atque
938 526 1007 584 huic
1024 527 1105 585 tradi
1120 527 1209 585 iubet.
1241 526 1315 586 Tra·

232 623 295 683 dita
322 625 439 698 legione
461 623 559 682 Varro
582 622 747 683 Cordubam
777 624 815 682 ad
838 623 994 682 Caesarem
1017 625 1113 699 venit;
1144 627 1249 684 relatis
1278 627 1315 685 ad

232 744 298 786 eum
320 727 446 800 publicis
468 742 533 784 cum
555 726 613 784 fide
635 726 800 784 rationibus
822 726 900 799 quod
919 743 1010 800 penes
1032 743 1098 785 eum
1113 731 1159 786 est
1172 729 1315 801 pecuniae

231 829 327 888 tradit
360 834 391 887 et
424 829 494 902 quid
526 829 634 902 ubique
667 829 777 886 habeat
808 829 950 887 frumenti
979 844 1014 887 ac
1035 830 1155 889 navium
1177 830 1314 890 ostendit.

317 923 373 995 21.
402 929 512 990 Caesar
538 931 673 990 contione
694 931 797 990 habita
819 929 972 990 Cordubae
993 932 1126 990 omnibus
1148 933 1314 1005 generatim

232 1035 346 1107 gratias
369 1033 447 1107 agit:
471 1034 585 1093 civibus
606 1033 755 1108 Romanis,
779 1032 855 1106 quod
877 1033 1016 1106 oppidum
1037 1035 1068 1092 in
1091 1049 1145 1092 sua
1165 1039 1315 1108 potestate

232 1136 415 1196 studuissent
425 1137 549 1210 habere3
564 1135 715 1210 Hispanis,
731 1135 807 1208 quod
818 1135 968 1209 praesidia
978 1137 1175 1210 expulissent;
1191 1136 1314 1196 Gadita·

232 1239 285 1314 nis,
309 1238 386 1312 quod
408 1244 530 1298 conatus
545 1238 783 1298 adversariorum
803 1237 996 1310 infregissent
1009 1254 1131 1312 seseque
1145 1239 1178 1298 in
1191 1240 1313 1298 liberta·

231 1346 289 1401 tem
312 1342 559 1416 vindicavissent3
588 1341 717 1400 tribunis
738 1340 866 1399 militum
888 1341 1178 1416 centurionibusque,
1208 1342 1259 1414 qui
1281 1357 1313 1400 eo

231 1445 374 1518 praesidii
396 1461 485 1503 causa
507 1447 658 1518 venerant,
680 1442 756 1515 quod
778 1459 878 1501 eorum
900 1443 1023 1501 consilia
1045 1459 1099 1501 sua
1113 1443 1225 1502 virtute
1248 1460 1313 1501 con·

192 1558 207 1608 2
229 1547 435 1606 firmavissent.
464 1547 623 1620 Pecuniae,
652 1562 725 1618 quas
748 1551 835 1604 erant
856 1546 888 1603 in
909 1546 1059 1618 publicum
1080 1545 1211 1604 Varroni
1233 1545 1313 1604 cives

230 1648 357 1708 Romani
378 1649 510 1724 polliciti,
532 1649 674 1721 remittit;
697 1649 775 1706 bona
795 1648 927 1707 restituit
941 1647 986 1722 iis,
1010 1663 1080 1720 quos
1095 1647 1219 1705 liberius
1233 1648 1312 1705 locu-

231 1756 275 1810 tos
294 1752 370 1810 hanc
384 1768 509 1826 poenam
523 1751 628 1810 tulisse
643 1755 831 1824 cognoverat.
861 1749 994 1808 Tributis
1009 1749 1181 1823 quibusdam
1195 1751 1312 1823 populis

229 1855 356 1927 publicis
388 1855 573 1928 privatisque
605 1853 745 1927 praemiis
778 1853 907 1925 reliquos
938 1853 970 1910 fn
991 1857 1142 1926 posterum
1162 1853 1240 1911 bona
1261 1869 1312 1926 spe

230 1957 355 2030 complet
386 1956 563 2030 biduumque
586 1955 738 2016 Cordubae
770 1961 965 2014 commoratus
987 1953 1085 2014 Gades
1106 1954 1311 2028 proficiscitur.

192 2059 375 2123 aPecunias
396 2064 654 2132 monumentaque,
678 2074 753 2130 quae
774 2075 811 2116 ex
833 2059 902 2116 iano
924 2056 1063 2115 Herculis
1085 2057 1203 2115 conlata
1225 2062 1312 2115 erant

228 2160 261 2218 in
282 2162 432 2234 privatam
454 2162 577 2236 domum,
602 2161 710 2219 referri
731 2161 763 2218 in
785 2160 925 2234 templum
948 2159 1038 2218 iubet.
1078 2158 1256 2219 Provinciae
1278 2158 1311 2230 Q.

193 2277 207 2326 4
229 2261 362 2322 Cassium
384 2263 533 2337 praeficit;
555 2263 625 2321 huic
646 2281 696 2320 1111
717 2263 849 2335 legiones
864 2261 1011 2321 attribuit.
1041 2261 1109 2335 Ipse
1124 2261 1162 2319 iis
1177 2261 1310 2335 navibus,

230 2382 302 2439 quas
334 2366 372 2426 Μ.
406 2366 503 2425 Varro
538 2382 667 2439 quasque
704 2363 845 2424 Gaditani
877 2364 959 2422 iussu
992 2364 1137 2423 Varronis
1170 2364 1310 2437 fecerant,

229 2468 428 2527 Tarraconem
456 2469 559 2542 paucis
581 2468 684 2527 diebus
705 2467 851 2541 pervenit.
896 2467 943 2525 Ibi
964 2467 1057 2525 totius
1078 2466 1141 2524 fere
1164 2465 1311 2524 citerioris

192 2571 399 2645 aprovinoiac
420 2571 585 2644 legationes
608 2569 744 2629 Caesaris
766 2569 925 2628 adrentum
948 2569 1165 2642 exspectabant.
1199 2567 1311 2625 Eadem

228 2675 345 2733 ratione
366 2675 509 2748 privatim
531 2689 566 2732 ac
586 2673 704 2747 publice
723 2671 896 2745 quibusdam
911 2671 1082 2730 civitatibus
1096 2670 1208 2728 habitis
1222 2670 1311 2727 hono·

227 2778 311 2836 ribus
325 2777 495 2835 Tarracone
510 2775 634 2834 discedit
648 2774 828 2846 pedibusque
842 2773 1011 2830 Narbonem
1026 2775 1112 2844 atque
1126 2770 1195 2828 inde
1206 2771 1311 2830 Massi·

227 2879 298 2936 liam
319 2878 463 2952 pervenit
492 2877 539 2935 Ibi
560 2877 656 2948 legem
679 2876 714 2933 de
734 2875 880 2932 dictatore
894 2873 986 2931 latam
1000 2888 1120 2945 seseque
1135 2871 1311 2932 dictatorcm

227 2981 338 3039 dictum
359 2997 378 3038 a
399 2980 437 3038 M.
459 2978 571 3052 Lepido
592 2982 732 3051 praetore
752 2976 909 3050 cognoscit.

312 3075 369 3145 22.
391 3081 590 3141 Massilienses
612 3080 746 3139 omnibus
768 3079 877 3137 defessi
899 3077 999 3152 malis,
1029 3076 1075 3134 rei
1096 3077 1310 3136 frumentariae

227 3186 264 3243 ad
280 3202 422 3244 summam
436 3185 565 3258 inopiam
581 3183 708 3258 adducti,
730 3183 777 3241 bis
791 3181 903 3255 proelio
919 3179 1021 3238 navali
1036 3179 1175 3253 superati,
1198 3179 1310 3238 crebris

227 3287 431 3361 eruptionibus
452 3287 520 3362 fusi,
542 3286 631 3360 gravi
653 3285 743 3343 etiam
765 3282 938 3357 pestilentia
960 3278 1120 3339 conflictati
1142 3296 1177 3337 ex
1193 3279 1309 3338 diutina

226 3389 411 3448 conclusione
432 3393 461 3448 et
482 3388 640 3447 mutatione
661 3386 757 3444 vietus
779 3379 895 3458 (panico
918 3383 995 3441 enim
1013 3386 1116 3442 vetere
1138 3385 1227 3454 atque
1242 3381 1309 3439 hor·

227 3491 280 3550 deo
303 3494 439 3564 corrupto
462 3507 561 3548 omnes
583 3489 748 3563 alebantur,
772 3487 849 3560 quod
871 3485 909 3544 ad
931 3485 1019 3543 huius
1041 3483 1119 3541 modi
1134 3499 1219 3542 casus
1234 3485 1310 3543 anti·

227 3594 326 3668 quitus
347 3597 484 3666 paratum
505 3593 537 3650 in
558 3591 708 3666 publicum
729 3586 942 3662 contulerant),
972 3586 1087 3645 deiecta
1108 3585 1199 3659 turri,
1230 3585 1309 3644 labe.

226 3697 308 3754 facta
328 3711 438 3768 magna
458 3700 547 3769 parte
568 3693 656 3768 muri,
687 3691 807 3751 auxiliis
833 3690 1053 3766 provinciarum
1076 3692 1107 3746 et
1129 3686 1309 3746 exercituum

227 3795 402 3870 desperatis,
432 3811 503 3868 quos
531 3796 563 3852 in
586 3793 721 3853 Caesaris
748 3798 926 3866 potestatem
954 3791 1071 3850 venisse
1100 3795 1308 3867 cognoverant,

188 3905 202 3955 2
224 3915 287 3956 sese
316 3898 422 3956 dedere
450 3898 514 3956 sine
541 3897 647 3955 fraude
678 3897 865 3954 constituunt.
911 3894 969 3954 Sed
989 3893 1092 3966 paucis
1114 3895 1184 3949 ante
1206 3891 1309 3951 diebus
