2964 4506
627 262 648 316 Ι.
666 265 778 315 dtr-50.
1208 261 1248 318 23

172 460 209 502 ox
231 441 293 500 looo
316 439 462 516 superiore
490 443 573 514 terga
594 443 705 498 vertere
727 435 905 496 adversarios
927 435 1086 511 coegissent
1108 439 1196 511 atque
1218 437 1250 494 in

172 543 313 620 oppidum
336 541 549 618 compulissent.
594 539 727 600 illisum
748 539 905 614 tumulum,
931 557 984 614 pro
1007 556 1065 613 quo
1087 543 1250 614 pugnatum
1273 550 1288 598 4

172 650 222 720 est,
245 643 358 720 magnis
380 642 514 719 operibus
529 641 716 701 muniverrmt
733 645 762 700 et
783 639 955 717 praesidium
977 639 1018 699 ibi
1039 643 1207 716 posuerunt.

257 742 315 809 48.
338 745 450 806 Accidit
478 747 566 805 etiam
595 746 779 820 repentinum
806 742 1020 804 incommodum
1053 742 1159 818 biduo,
1191 760 1251 818 quo

172 849 244 910 haec
266 854 349 925 gesta
369 853 445 910 sunt.
481 848 578 906 Tanta
600 847 677 907 enim
700 850 855 923 tempestas
877 845 1014 920 cooritnr,
1036 849 1070 904 ut
1090 862 1251 920 numquam

172 952 228 1025 iliis
242 952 311 1012 locis
326 953 450 1011 maiores
465 967 556 1025 aquas
570 947 660 1009 fuisse
675 953 826 1009 perstaret.
859 949 935 1008 Tmn
951 952 1048 1007 autem
1064 964 1101 1007 ox
1116 947 1253 1006 omnibus
1274 959 1288 1006 ‘r

125 1093 127 1098 -
171 1054 319 1114 montibus
334 1055 416 1113 nives
438 1054 547 1129 proluit
562 1070 596 1112 ac
617 1051 840 1127 summaeripae
861 1049 990 1110 fluminis
1012 1050 1161 1126 superavit
1181 1066 1252 1124 pou·

172 1161 273 1230 tesqua
295 1156 404 1232 ambos,
427 1172 500 1230 quos
516 1153 548 1214 d.
565 1153 672 1214 Fabius
693 1151 809 1226 fecerat,
831 1171 889 1212 uno
912 1152 958 1212 die
971 1153 1134 1228 interrupit.
1168 1150 1251 1224 Quae
1274 1163 1289 1212 3

172 1275 218 1318 res
239 1275 360 1333 magnas
381 1255 569 1317 difficultates
592 1255 730 1316 exercitui
753 1254 883 1314 Caesaris
905 1255 1010 1315 attulit.
1041 1253 1142 1313 Castra
1163 1253 1251 1329 onim,

172 1364 315 1433 utsupra
337 1357 565 1417 demonstratum
587 1361 643 1426 est,
665 1375 729 1416 cum
753 1361 848 1416 essent
868 1357 943 1416 inter
967 1354 1091 1415 flumina
1113 1355 1188 1432 duo,
1212 1354 1252 1416 Si·

173 1461 262 1520 corim
285 1465 314 1520 ct
336 1457 476 1534 Cingam,
498 1459 593 1533 spatio
615 1458 726 1518 milium
748 1478 822 1534 xxx,
851 1462 985 1519 neutrum
1012 1457 1116 1518 horum
1138 1456 1252 1517 bansiri

172 1566 295 1640 poterat,
317 1561 535 1636 necessarioque
551 1579 650 1622 omnes
672 1561 717 1621 hie
732 1560 873 1637 angustiis
888 1562 1119 1623 sustinebantur.
1147 1561 1252 1636 Neque
1274 1570 1288 1619 4

174 1665 316 1740 civitates,
347 1681 422 1739 quae
450 1663 487 1722 ad
511 1662 641 1724 Caesaris
668 1663 825 1724 amicitiam
853 1668 1045 1740 acoemeraut,
1073 1661 1252 1723 frumentum

172 1770 342 1844 supportare
383 1783 479 1841 neque
509 1767 548 1840 ii,
577 1767 629 1841 qui
654 1767 825 1842 pabulatum
853 1766 968 1843 longius
995 1765 1140 1842 progressi
1164 1769 1254 1840 eraut,

173 1870 321 1935 interclusi
342 1867 514 1927 fluminibus
534 1868 640 1928 reverti
667 1885 762 1944 neque
784 1868 903 1928 maximi
925 1873 1114 1945 commeatus,
1145 1867 1254 1943 quiex

172 1971 258 2032 Italia
275 1970 428 2046 Galliaque
442 1969 606 2045 veniebant,
626 1969 656 2029 in
672 1975 766 2031 castra
786 1971 938 2047 pervenire
951 1975 1095 2045 poterant
1122 1971 1251 2045 Tempus
1276 1977 1290 2026 5

173 2079 270 2134 autem
293 2078 354 2134 erat
376 2071 596 2145 difficillimum,
619 2090 676 2147 quo
699 2089 794 2148 neque
819 2071 966 2132 frumenta
987 2073 1018 2130 in
1040 2073 1150 2132 acervis
1172 2075 1254 2130 erant

169 2193 268 2250 neque
281 2175 406 2234 multum
421 2192 441 2233 a
453 2172 619 2234 maturitate
633 2175 769 2251 aberant3
793 2191 827 2234 ac
842 2172 969 2234 civitates
985 2175 1158 2250 exinanitae,
1173 2171 1252 2248 quod

169 2275 311 2336 Afranius
326 2293 420 2353 paene
434 2294 521 2336 omne
535 2273 713 2336 frumentum
728 2280 795 2336 ante
811 2274 941 2336 (lassaris
958 2276 1114 2336 adventum
1129 2274 1252 2334 Ilerdam

169 2384 360 2454 convexerat,
382 2379 488 2454 reliqui
517 2380 543 2438 si
565 2378 636 2455 quid
657 2376 768 2454 fuerat,
796 2377 902 2438 ansar
928 2378 1126 2456 superioribus
1151 2376 1252 2436 diebus

171 2486 403 2559 mnsumpserat3
426 2498 540 2558 peoora,
563 2481 642 2556 quod
663 2480 822 2540 secuudum
843 2485 957 2556 poterat
974 2499 1037 2540 esse
1050 2480 1167 2556 inopiae
1187 2479 1254 2539 sub
1275 2488 1290 2537 6

170 2582 294 2658 sidium,
323 2588 442 2659 propter
470 2583 577 2641 bollum
599 2581 744 2640 finitimae
765 2581 896 2642 divitates
925 2583 1039 2658 longius
1061 2585 1253 2641 removerant.

172 2683 231 2758 Qui
253 2689 335 2745 erant
356 2682 515 2761 pabulandi
536 2689 588 2744 aut
607 2682 804 2743 frumentandi
826 2701 913 2743 causa
933 2683 1086 2760 progressi,
1106 2682 1160 2743 hos
1181 2682 1286 2742 levist

172 2787 334 2842 armaturae
355 2783 489 2843 Lusitani
510 2781 653 2858 peritique
675 2799 773 2841 carum
796 2782 949 2857 regionum
975 2781 1092 2841 caetrati
1114 2780 1251 2842 citerioris

172 2883 332 2960 Hispaniae
355 2884 609 2961 consectabantur,
636 2883 742 2959 quibus
764 2888 826 2944 erat
846 2884 975 2959 proclive
996 2888 1111 2944 manare
1131 2881 1252 2959 flumen,

173 2987 251 3063 quod
274 2987 452 3047 consuetudo
475 3005 574 3047 corum
597 2988 726 3047 omnium
750 2991 800 3062 est,
823 2991 855 3046 ut
876 2987 937 3047 sine
952 2987 1064 3047 utribus
1085 2987 1123 3046 ad
1145 2988 1252 3047 exerci-

172 3094 234 3149 tum
256 3106 315 3147 non
338 3092 414 3146 eant.

263 3186 321 3254 49.
345 3189 385 3248 At
406 3189 548 3248 exercitus
569 3186 682 3247 Afranii
704 3189 832 3248 omnium
855 3205 950 3248 rerum
972 3189 1141 3249 abundabat
1162 3189 1254 3266 copia.

172 3295 295 3354 Multum
323 3296 384 3352 erat
411 3289 589 3351 frumentum
622 3291 769 3367 provisum
798 3296 827 3351 et
853 3295 1022 3350 convectum
1054 3292 1252 3367 superioribus

172 3395 365 3473 temporibus,
386 3395 509 3454 multum
532 3411 568 3453 ex
591 3395 671 3453 omni
692 3395 843 3470 provincia
868 3393 1118 3468 comportabatur,
1141 3410 1250 3470 magna

173 3500 259 3574 copia
280 3496 381 3574 pabuli
401 3496 583 3573 suppetebat.
610 3497 722 3556 Harum
745 3498 875 3556 omnium
897 3514 992 3555 rerum
1014 3494 1167 3556 facultates
1187 3497 1251 3556 sine
1272 3507 1286 3556 2

174 3600 233 3660 ulio
248 3597 375 3675 periculo
390 3616 465 3674 pons
479 3599 590 3659 ilerdae
604 3599 762 3675 praebebat
777 3603 805 3658 ot
819 3599 883 3658 loca
897 3603 976 3660 trans
993 3598 1104 3658 flumen
1127 3600 1250 3676 integra,

174 3720 233 3778 quo
255 3699 372 3760 omnino
396 3699 501 3760 Caesar
522 3701 600 3761 adire
622 3720 681 3761 non
701 3705 825 3777 poterat.

161 3852 164 3858 .
259 3797 320 3870 50.
342 3802 408 3862 Hae
428 3808 649 3878 permanserunt
663 3820 757 3878 aquae
779 3802 841 3862 dies
855 3803 1024 3878 complures.
1058 3801 1185 3862 Oonatus
1207 3810 1250 3864 est

176 3903 281 3964 (laesar
302 3901 421 3965 reficere
441 3909 557 3981 pontes,
581 3905 706 3965 seduco
727 3904 896 3980 magnitudo
918 3903 1045 3963 fluminis
1066 3905 1250 3982 permittebat
