2960 4500
605 281 640 334 ΙΙ.
661 284 769 334 13-17.
1187 279 1229 336 47

144 459 174 514 et
196 457 350 532 convectis,
373 474 512 530 aggerem
535 457 604 516 novi
627 457 744 530 generis
767 460 854 529 atque
877 455 1043 514 inauditum
1071 472 1107 513 ex
1128 456 1231 515 lateri·

146 558 201 617 ciis
225 558 336 618 duobus
358 559 450 617 muris
472 575 573 617 senum
595 559 701 632 pedum
724 558 918 617 crassitudine
941 563 1030 631 atque
1053 574 1152 616 eorum
1167 575 1229 617 mu-

145 677 246 720 rorum
268 661 486 734 contignatione
515 661 614 718 iacere
643 661 840 719 instituerunt
861 675 955 732 aequa
976 661 1039 718 iere
1060 660 1228 735 latitudine,

150 769 240 836 atque
262 764 314 822 ille
335 763 531 837 congesticius
554 779 589 820 ex
612 763 738 821 materia
759 763 859 820 iuerat
882 779 983 836 agger.
1012 762 1071 822 Ubi
1094 768 1147 821 aut
1166 771 1268 836 spa-2

150 866 222 924 tium
244 867 325 925 iuter
346 882 444 924 muros
467 871 520 923 aut
541 866 728 923 imbecillitas
745 866 889 924 metense
903 865 1055 938 postulare
1070 865 1231 940 videretur,

145 967 231 1040 pilae
252 968 497 1041 interponuntur,
520 967 704 1026 traversaria
725 968 810 1040 tigna
831 967 1007 1042 iniciuntur,
1038 982 1112 1039 quae
1134 966 1232 1025 firma-

148 1074 249 1127 mento
272 1085 335 1127 asse
356 1069 478 1143 possint,
502 1074 533 1126 et
555 1069 692 1142 quioquid
715 1074 761 1127 est
783 1069 992 1144 contignatum,
1016 1069 1148 1126 cratibus
1165 1085 1231 1126 con-

148 1173 301 1248 sternitur,
325 1177 479 1245 cratesque
500 1173 564 1230 luto
579 1173 763 1246 integuntur.
794 1170 854 1230 Sub
870 1176 946 1231 tecto
961 1172 1053 1245 miles,
1077 1171 1183 1229 denua
1198 1185 1233 1230 ac
1253 1179 1268 1229 3

146 1275 270 1333 sinistra
291 1291 374 1353 muro
389 1280 493 1349 tectus,
517 1275 660 1334 adversus
678 1275 775 1348 plutei
789 1274 910 1349 obiectu,
934 1274 1016 1348 operi
1032 1289 1229 1347 quaecumque

147 1380 216 1435 sunt
237 1377 304 1434 usui
326 1377 390 1435 sine
410 1377 542 1450 periculo
564 1382 729 1451 supportat.
766 1375 911 1436 celeriter
926 1393 975 1434 res
990 1375 1228 1436 administratur:
1252 1383 1267 1432 4

147 1478 279 1536 diuturni
302 1478 413 1536 laboris
436 1478 642 1538 detrimentum
665 1477 797 1536 sollertia
819 1482 850 1535 et
871 1477 985 1536 virtute
1005 1477 1131 1536 militum
1144 1479 1230 1537 brevi

146 1580 363 1639 reconciliatur.
394 1579 511 1655 Portae,
534 1581 640 1654 quibus
662 1580 734 1639 locis
756 1580 884 1654 videtur,
908 1580 1072 1654 eruptionis
1094 1596 1184 1638 causa
1198 1580 1229 1638 iu

145 1698 230 1740 muro
251 1683 468 1755 relinquuntur.

233 1779 285 1848 lt.
310 1784 392 1856 Quod
414 1786 465 1843 ubi
479 1785 579 1843 hostes
593 1786 734 1844 viderunt
749 1802 792 1860 ea,
816 1801 891 1858 quae
907 1785 956 1842 diu
972 1784 1118 1856 longoque
1133 1782 1229 1856 spatio

146 1886 228 1944 refici
251 1903 310 1945 non
331 1903 415 1960 posse
438 1892 620 1960 sperassent,
647 1903 807 1960 paucorum
829 1886 942 1945 dierum
965 1903 1055 1959 opera
1077 1890 1107 1942 et
1128 1885 1230 1943 labore

146 1989 191 2046 ita
213 1989 334 2064 reiecta,
356 1994 391 2046 ut
413 1989 511 2046 nullus
533 1987 676 2061 perfidiae
697 2005 790 2060 neque
810 1987 959 2061 eruptioni
980 1987 1061 2044 locus
1084 1991 1162 2043 esset
1180 2002 1229 2044 ne·
1322 2036 1326 2044 .

147 2106 205 2164 que
227 2091 382 2163 quicquam
404 2089 519 2147 omnino
541 2089 769 2163 relinqueretur,
790 2105 849 2161 qua
871 2092 922 2146 aut
936 2087 1005 2145 telis
1020 2087 1162 2145 militibus
1177 2092 1230 2144 aut

148 2193 215 2265 igni
236 2192 374 2265 operibus
396 2192 494 2249 noceri
516 2197 623 2267 posset,
646 2190 803 2263 eodemque
826 2190 958 2263 exemplo
981 2189 1114 2248 sentiunt
1135 2194 1228 2247 totam
1252 2197 1266 2246 2

145 2295 257 2369 urbem,
280 2310 339 2366 qua
354 2294 395 2352 sit
410 2293 509 2352 aditus
525 2294 562 2352 ab
577 2299 668 2369 terra,
691 2310 774 2352 muro
796 2292 987 2366 turribusque
1010 2291 1230 2350 circummuniri

145 2412 247 2470 posse,
275 2396 318 2454 sic
345 2401 381 2454 ut
402 2396 474 2469 ipsis
497 2395 677 2454 consistendi
697 2397 728 2453 in
751 2397 812 2454 suis
834 2394 1046 2452 munitionibus
1068 2394 1149 2452 locus
1171 2410 1229 2451 non

147 2504 231 2572 esset,
255 2489 320 2556 cum
341 2514 435 2571 paene
456 2498 644 2556 inaedificata
664 2498 757 2556 muris
780 2498 816 2555 ab
840 2497 973 2555 exercitu
995 2500 1096 2554 nostro
1116 2495 1231 2555 moenia

147 2600 322 2659 viderentur
344 2615 378 2657 ac
399 2601 492 2657 telum
513 2616 601 2657 manu
624 2600 799 2674 coiceretur,
822 2615 998 2671 suorumque
1019 2603 1230 2657 tormentorum
1252 2605 1267 2655 3

148 2717 247 2776 usum,
281 2702 386 2774 quibus
414 2702 472 2774 ipsi
500 2718 608 2775 magna
634 2702 846 2777 speravissent,
881 2702 977 2776 spatio
998 2701 1231 2775 propinquitatis

148 2804 272 2862 interire
294 2803 418 2877 parique
440 2803 607 2863 condicione
629 2821 665 2862 ex
687 2821 770 2862 muro
793 2821 828 2863 ac
849 2805 983 2862 turribus
1008 2803 1140 2862 bellandi
1163 2801 1232 2861 data

150 2923 180 2964 se
202 2907 316 2964 virtute
337 2905 448 2964 nostris
470 2905 636 2978 adaequare
659 2923 718 2965 uon
738 2924 823 2980 posse
845 2907 1033 2980 intellegunt,
1057 2906 1095 2964 ad
1115 2904 1231 2963 easdem

150 3007 307 3067 deditionis
329 3009 512 3067 condiciones
534 3015 700 3068 recurrunt.

234 3102 288 3171 17.
310 3109 348 3168 Μ.
360 3109 457 3167 Varro
473 3109 504 3166 in
519 3110 662 3169 ulteriore
676 3110 823 3184 Hispania
838 3111 924 3169 initio
941 3111 1067 3183 cognitis
1082 3111 1120 3168 iis
1135 3110 1231 3184 rebus,
1245 3176 1255 3196 ι

151 3228 226 3285 quae
248 3216 318 3270 sunt
339 3210 485 3270 initalia
512 3217 628 3287 gestae,
659 3212 796 3270 diffidens
825 3211 1014 3285 Pompeianis
1045 3213 1133 3270 rebus
1161 3212 1233 3269 ami·

151 3314 265 3372 cissime
293 3313 328 3372 dc
352 3312 478 3372 Caesare
499 3315 689 3387 loquebatur:
715 3319 964 3388 praeoccupatum
992 3329 1055 3371 sese
1082 3313 1269 3385 legationen

152 3417 188 3474 ab
211 3415 262 3474 On.
277 3415 416 3489 Pompeio
438 3417 534 3474 teneri
557 3417 731 3475 obstrictum
753 3416 823 3490 iide;
848 3414 1093 3475 necessitudinem
1115 3414 1231 3487 quidem

151 3516 209 3575 sibi
222 3516 315 3574 nihilo
330 3517 470 3575 minorem
485 3533 550 3576 cum
565 3517 691 3577 Caesare
709 3517 906 3591 intercedere3
930 3533 1024 3590 neque
1039 3533 1071 3574 se
1085 3517 1233 3589 ignorare,

152 3618 229 3690 quod
251 3623 329 3676 esset
350 3617 478 3676 oificium
498 3619 606 3694 legati,
636 3621 686 3693 qui
714 3619 899 3678 fiduciariam
929 3635 1047 3692 operam
1077 3616 1232 3691 obtineret,

152 3736 246 3793 neque
274 3736 348 3793 quae
377 3721 457 3779 vires
486 3737 568 3796 suae,
598 3739 672 3795 quae
700 3721 838 3780 voluutas
868 3737 942 3794 erga
963 3720 1120 3779 Caesarem
1141 3718 1234 3777 totius

153 3823 330 3895 provinciae.
360 3822 442 3882 Haec
464 3823 596 3882 omnibus
611 3825 727 3882 ferebat
742 3824 925 3882 sermonibus
939 3838 1033 3895 neque
1048 3839 1083 3880 se·
1094 3823 1126 3880 in
1140 3821 1232 3878 ullam

153 3929 269 3998 partem
297 3926 440 3984 movebat.
484 3925 594 3985 Postea
623 3942 695 3985 vero
723 3941 809 3998 quarn
832 3924 987 3984 Caesarem
1014 3924 1052 3982 ad
1073 3921 1271 3981 Massiliamd
