2960 4500
607 282 657 338 iil
675 285 785 336 28-31.
1138 277 1142 284 ’
1195 285 1233 340 77

156 465 342 534 cognoscunt.
385 458 462 518 Nam
497 463 720 532 praetervectas
756 457 944 532 Apolloniam
975 458 1234 533 Dyrrachiumque

155 579 247 622 naves
268 562 407 622 viderant
434 561 505 636 ipsi,
532 566 567 619 ut
588 561 648 619 iter
667 549 827 620 secundum
854 577 904 619 aas
932 565 1031 620 terras
1052 560 1232 638 direxerant,

155 664 206 723 sed
218 681 273 737 quo
285 669 384 724 essent
395 660 471 740 [eae]
483 663 607 737 delatae,
619 663 723 736 primis
733 663 836 721 diebus
847 662 1034 736 ignorabant.
1050 662 1234 738 Cognitaque
1255 674 1269 724 2

155 784 188 826 re
210 767 329 826 diversa
343 766 400 825 sibi
415 767 499 824 ambo
514 765 637 824 coasilia
652 765 785 839 capiunt:
808 764 924 840 Caesar,
947 771 982 825 ut
1004 766 1232 840 quamprimum

155 886 186 928 se
208 885 273 928 cum
288 868 416 927 Antonio
430 868 631 942 coniungeret,
646 866 811 942 Pompeius,
827 873 862 927 ut
875 868 1063 927 venientibus
1077 869 1109 928 in
1124 869 1232 928 itinere

155 989 186 1031 se
201 976 370 1047 opponeret,
386 971 411 1029 si
425 970 626 1044 imprudentes
642 986 678 1028 ex
693 969 809 1029 insidiis
824 971 936 1029 adoriri
946 976 1060 1045 posset3
1076 971 1233 1045 eodemque
1254 979 1269 1028 3

154 1073 201 1133 die
223 1079 348 1146 uterque
370 1088 470 1131 eorum
492 1089 529 1131 ex
543 1073 650 1131 castris
665 1073 785 1132 stativis
807 1072 959 1132 alumine
973 1074 1054 1148 Apso
1069 1075 1231 1134 exercitum

154 1176 289 1251 educunt,
312 1174 466 1249 Pompeius
488 1174 563 1233 clam
586 1181 616 1233 et
631 1181 728 1250 noctu,
750 1174 860 1234 Caesar
873 1177 972 1250 palam
987 1181 1077 1249 atque
1091 1175 1230 1237 interdiu.

154 1277 210 1337 Sed
226 1277 347 1337 Caesari
369 1277 495 1336 circuitu
517 1277 628 1336 maiore
650 1277 709 1335 lter
724 1282 790 1335 erat
808 1277 933 1353 lougius,
957 1277 1082 1338 aduerso
1103 1277 1230 1355 flumine,
1253 1285 1268 1335 4

153 1384 188 1437 ut
203 1380 278 1439 vado
293 1379 423 1438 transire
437 1384 550 1453 posset;
573 1378 730 1452 Pompeius
744 1379 880 1452 expedito
899 1379 1015 1455 itinere,
1039 1379 1108 1453 quia
1122 1379 1231 1440 humen

153 1483 180 1540 ei
202 1481 413 1540 transeundum
435 1497 492 1540 non
514 1485 586 1557 erat,
607 1481 724 1555 magnis
745 1482 901 1541 itineribus
922 1480 960 1540 ad
981 1481 1142 1541 Antonium
1163 1497 1230 1542 oon·

151 1585 249 1644 tendit
270 1591 366 1660 atque,
389 1585 441 1644 ubl
462 1601 528 1644 enm
550 1584 787 1659 adpropinquare
808 1585 955 1660 cognovit,
978 1584 1113 1644 idoneum
1134 1584 1230 1644 locum
1251 1591 1267 1640 5

30 1673 33 1676 ¹
151 1693 256 1746 nactus
282 1688 324 1746 ibi
353 1687 451 1762 copias
480 1687 645 1746 conlocavit
673 1703 798 1760 suosque
825 1703 924 1746 omnes
952 1688 1057 1746 castris
1082 1687 1230 1746 continuit

150 1789 293 1863 ignesque
306 1789 372 1848 fieri
386 1790 545 1864 prohibuit
568 1805 625 1862 quo
639 1790 782 1848 occultior
796 1796 875 1849 esset
889 1790 952 1848 eius
967 1789 1121 1848 adventus.
1146 1788 1229 1848 Haec
1249 1794 1264 1842 o

151 1891 189 1950 ad
210 1890 369 1950 Antonium
398 1891 500 1950 statim
526 1908 580 1965 per
606 1889 735 1950 Graecos
761 1892 944 1952 deferuntur.
987 1891 1044 1950 Ille
1070 1891 1168 1950 missis
1190 1892 1228 1950 ad

151 1993 306 2053 Caesarem
328 1994 441 2053 nuntiis
462 2010 552 2053 unum
575 1993 651 2052 diem
670 2010 734 2054 sese
749 1995 854 2054 castris
868 1995 979 2068 tenuit;
1003 1995 1098 2053 altero
1120 1992 1167 2052 die
1189 1993 1227 2052 ad

151 2113 216 2155 eum
243 2097 382 2171 pervenit
410 2095 526 2156 Caesar.
571 2096 661 2156 Gaius
687 2097 817 2157 adventu
845 2097 963 2170 cognito
992 2096 1163 2172 Pompeius,
1190 2101 1263 2155 nei

149 2198 262 2258 duobus
277 2198 556 2258 circumcluderetur
567 2199 752 2278 exercitibus,
767 2215 804 2257 ex
819 2214 852 2257 eo
867 2199 930 2257 loco
945 2198 1070 2258 discedit
1080 2199 1226 2258 omnibus·

150 2318 206 2374 que
228 2301 319 2376 copiis
346 2300 383 2359 ad
406 2297 607 2374 Asparagium
629 2299 883 2375 Dyrrachinorum
911 2302 1048 2375 pervenit
1075 2308 1165 2375 atque
1186 2301 1228 2360 ibi

150 2403 254 2462 idoneo
276 2404 340 2462 loco
362 2407 463 2462 castra
483 2404 576 2477 ponit.

234 2499 289 2568 31.
310 2506 367 2564 His
394 2506 573 2580 temporibus
599 2504 696 2578 Scipio
725 2505 910 2564 detrimentis
943 2505 1116 2578 quibusdam
1148 2506 1228 2565 cirea

148 2613 276 2666 montem
297 2608 443 2666 Amanum
466 2607 594 2681 acceptis
615 2607 824 2682 imperatorem
851 2624 883 2666 se
905 2607 1118 2682 appellaverat.
1163 2607 1225 2679 Quo
1247 2613 1262 2664 2

147 2711 227 2769 iacto
243 2710 416 2770 civitatibus
430 2710 623 2784 tyrannisque
639 2726 762 2784 magnas
777 2709 979 2784 imperaverat
993 2711 1140 2786 pecunias,
1155 2711 1227 2769 item

148 2829 166 2870 a
187 2813 353 2887 publicanis
373 2829 445 2872 suae
459 2811 629 2887 provinciae
644 2810 774 2871 debitam
788 2812 900 2871 biennii
915 2813 1069 2887 pecuniam
1084 2818 1226 2887 exegerat

148 2922 179 2974 et
200 2917 237 2974 ab
257 2915 351 2975 isdem
375 2916 557 2990 insequentis
584 2915 655 2974 anni
675 2920 808 2974 mutuam
837 2920 1031 2990 praeceperat
1056 2916 1227 2989 equitesque

147 3018 202 3076 toti
224 3019 393 3092 provinciae
415 3019 624 3091 imperauerat.
660 3016 773 3088 Quibus
794 3018 916 3092 coactis,
939 3018 1072 3077 finitimis
1092 3017 1227 3076 hostibus
1247 3023 1263 3072 3

147 3117 268 3178 Parthis
289 3125 357 3193 post
371 3135 402 3178 se
417 3119 538 3194 relictis,
554 3119 605 3191 qui
618 3119 707 3193 paulo
727 3124 797 3177 ante
811 3118 849 3178 Μ.
865 3118 1003 3178 Crassum
1018 3119 1225 3192 imperatorem

147 3221 360 3280 interfecerant
381 3226 412 3280 et
433 3221 471 3280 M.
493 3219 633 3280 Bibulum
654 3220 686 3279 in
708 3220 858 3279 obsidione
879 3221 1063 3295 habuerant,
1092 3221 1224 3293 legiones

148 3324 321 3402 equitesque
339 3340 377 3383 ex
399 3322 494 3397 Syria·
509 3322 680 3382 deduxerat.
718 3321 922 3395 Samumque
944 3323 976 3381 iu
997 3321 1224 3380 sollicitudinem
1246 3328 1261 3377 4

148 3440 183 3495 ac
204 3425 338 3483 timorem
353 3425 486 3484 Parthici
506 3425 579 3483 belli
593 3425 748 3499 prouincia
762 3439 826 3483 cum
841 3424 980 3498 venisset,
1003 3439 1038 3481 ac
1053 3422 1225 3481 nonnullae

147 3526 275 3585 miiitum
289 3542 375 3585 voees
390 3543 454 3585 eum
466 3526 642 3586 audirentur
655 3543 727 3602 sese,
752 3531 856 3585 contra
869 3526 983 3585 hostem
998 3525 1024 3585 si
1038 3524 1224 3598 ducerentur,

147 3629 255 3703 ituros,
283 3633 387 3687 eontra
409 3629 503 3688 civem
524 3635 555 3687 et
576 3627 723 3687 consulem
745 3645 828 3686 arma
849 3644 907 3686 non
935 3627 1062 3701 laturos,
1091 3623 1224 3683 deductis
1313 3664 1315 3668 -

148 3728 323 3804 Pergamum
339 3736 428 3804 atque
449 3730 480 3789 in
495 3730 741 3805 locupletissimas
755 3730 844 3788 nrbes
866 3730 898 3788 in
912 3729 1037 3788 hiberna
1057 3727 1224 3802 legionibus

147 3833 289 3890 maximas
316 3831 492 3906 largitiones
519 3833 592 3891 iecit
624 3837 656 3890 et
682 3830 946 3890 confirmandorum
975 3829 1103 3889 militum
1135 3844 1225 3888 causa

148 3933 329 4008 diripiendas
349 3934 396 3993 his
418 3935 557 3994 civitates
578 3934 668 3996 dedit.
