2960 4500
617 292 665 346 ΙΙΙ.
685 295 796 349 58-63.
1209 290 1248 347 91

170 485 263 542 neque
285 469 413 527 facultas
434 467 608 542 perficiendi
637 467 779 542 dabatur,
809 483 895 540 quam
924 469 1067 526 maximas
1088 472 1251 543 potueruut
1287 479 1296 518 ε

169 571 309 646 pecunias
336 570 479 644 mutuati,
509 569 632 642 proinde
655 586 698 627 ac.
711 569 737 628 si
760 569 821 628 suis
844 568 1038 628 satisfacere
1061 563 1092 628 et
1113 568 1252 628 fraudata

170 673 329 737 restituere
338 673 458 746 vellent,
474 665 576 730 multis
588 672 729 745 coemptis
741 671 824 744 equis
835 670 873 729 ad
884 671 1055 745 Pompeium
1067 671 1254 730 transierunt

171 793 236 834 cum
258 776 303 850 iis,
327 792 399 848 quos
422 775 468 834 sui
491 775 607 833 consilii
628 775 788 849 participes
810 774 968 833 habebant.

255 869 306 938 61.
330 876 408 949 Quos
431 877 601 952 Pompeius,
632 876 709 950 quod
731 879 816 935 erant
838 875 962 934 honesto
986 876 1050 934 loco
1072 876 1137 934 nati
1159 879 1188 934 et
1208 877 1253 934 in-

132 1043 134 1047 ,
171 980 277 1038 structi
288 980 456 1038 liberaliter
467 994 631 1053 magnoque
643 979 784 1038 comitatu
799 983 831 1037 et
840 977 942 1036 multis
957 979 1097 1038 iumentis
1107 984 1253 1037 venerant

171 1081 288 1155 virique
310 1082 403 1143 fortes
425 1082 613 1140 habebantur
635 1081 712 1139 etin
733 1081 843 1139 honore
860 1080 939 1154 apud
954 1079 1110 1140 Gaesarem
1128 1080 1252 1138 merant

172 1183 305 1256 quodque
327 1199 435 1242 novum
457 1183 488 1241 id
511 1189 542 1241 et
562 1189 684 1255 praeter
705 1182 943 1241 consuetudinem
970 1181 1133 1257 acciderat,
1156 1183 1254 1240 omnia

173 1302 227 1343 sua
241 1286 392 1359 praesidia
407 1285 607 1343 circumduxit
618 1290 708 1357 atque
722 1284 895 1343 ostentavit.
917 1280 993 1342 Nam
1009 1290 1079 1342 ante
1093 1284 1123 1342 id
1139 1289 1255 1358 tempus
1275 1293 1290 1342 2

173 1394 256 1444 nemo
280 1391 333 1444 aut
354 1386 438 1444 miles
461 1391 514 1444 aut
535 1401 624 1458 eques
646 1401 664 1443 a
687 1383 813 1444 Caesare
835 1386 873 1443 ad
888 1385 1060 1459 Pompeium
1081 1385 1254 1460 transierat,

174 1504 238 1547 cum
252 1504 346 1560 paene
361 1488 466 1546 cotidie
481 1534 507 1546 ..
524 1505 542 1546 a
557 1484 693 1561 Pompeio
707 1487 747 1546 ad
762 1486 919 1547 Gaesarem
937 1487 1139 1562 perfugerant,
1162 1487 1253 1559 vulgo

173 1606 244 1649 vero
257 1582 411 1670 [universi]
424 1591 456 1648 in
465 1590 558 1664 Epiro
569 1596 658 1663 atque
669 1590 790 1649 Aetolia
801 1590 960 1664 conscripti
974 1591 1084 1649 milites
1096 1605 1254 1662 earumque
1311 1575 1313 1578 ⁵

173 1692 326 1766 regionum
348 1692 483 1767 omnium,
506 1709 582 1766 quae
603 1689 764 1752 accesere
778 1694 965 1752 tenebantur.
996 1692 1053 1752 Sed
1074 1693 1106 1750 hi
1128 1691 1255 1764 cognitis
1276 1700 1291 1750 3

77 1849 79 1852 .
174 1795 307 1852 omnibus
328 1796 430 1868 rebus,
457 1810 509 1852 seu
531 1795 601 1866 quid
623 1795 889 1853 immunitionibus
913 1794 1077 1867 perfectum
1099 1810 1157 1851 non
1180 1798 1254 1866 erat,

174 1913 226 1955 seu
257 1895 327 1968 quid
353 1911 372 1953 a
403 1895 594 1969 peritloribus
633 1896 678 1954 rei
712 1893 853 1954 militaris
886 1895 1050 1954 desiderari
1088 1896 1254 1968 videbatur,

174 1999 413 2071 temporibusque
434 2013 534 2055 rerum
556 2002 587 2055 et
608 1997 714 2071 spatiis
742 1999 872 2056 locorum
895 2002 927 2055 et
948 1996 1147 2056 custodiarum
1168 1996 1255 2054 varia

175 2099 333 2172 diligentia
360 2099 580 2168 animadversa,
614 2105 704 2172 prout
732 2101 872 2171 cuiusque
900 2115 1014 2174 eorum,
1048 2099 1107 2171 qui
1126 2098 1254 2171 negotiis

175 2206 344 2276 praeerant,
367 2205 420 2259 aut
435 2205 545 2258 natura
566 2205 619 2258 aut
641 2201 771 2259 studium
791 2201 918 2276 terebat,
940 2201 1014 2258 haec
1036 2201 1073 2258 ad
1088 2201 1256 2274 Pompeium

176 2303 274 2362 omnia
293 2303 471 2362 detulerunt.

260 2398 313 2467 oi.
338 2405 450 2477 Quibus
464 2405 516 2463 ille
540 2405 668 2479 cognitis
683 2405 906 2478 eruptionisque
920 2405 980 2464 iam
999 2411 1170 2479 antecapto
1191 2422 1257 2464 con·

177 2507 252 2582 silio,
267 2513 302 2565 ut
315 2507 548 2566 demonstratum
563 2513 616 2582 est,
632 2507 796 2580 tegimenta
810 2505 905 2580 galeis
919 2507 1030 2566 milites
1047 2523 1084 2565 ex
1098 2508 1257 2567 viminibus

177 2610 276 2666 iacere
304 2605 394 2680 atque
422 2624 563 2681 aggerem
593 2609 677 2666 iubet
706 2613 898 2683 comportare.
943 2608 999 2667 His
1027 2609 1142 2683 paratis
1170 2611 1293 2668 rebusi

177 2725 316 2782 magnum
331 2725 484 2768 numerum
497 2709 574 2768 levis
589 2715 760 2768 armaturae
775 2715 806 2767 et
820 2711 1047 2784 sagittariorum
1060 2727 1257 2784 aggeremque

178 2828 291 2869 omnem
312 2817 400 2870 noctu
414 2811 448 2869 in
469 2812 593 2885 scaphas
608 2816 640 2870 et
654 2827 745 2870 naves
761 2812 909 2870 actuarias
927 2811 1052 2886 imponit
1067 2817 1098 2870 et
1112 2811 1149 2870 de
1163 2812 1259 2871 media

178 2918 263 2971 nocte
285 2914 417 2972 cobortes
438 2930 478 2971 nx
493 2931 530 2972 ex
544 2914 680 2973 maximis
695 2913 803 2972 castris
821 2914 1036 2987 praesidiisque
1057 2914 1199 2974 deductas
1221 2915 1258 2973 ad

179 3020 373 3087 campartem
387 3015 582 3074 munitionum
599 3016 689 3089 duait,
712 3032 787 3087 quae
808 3015 979 3089 pertinebat
994 3015 1032 3074 ad
1045 3032 1127 3075 mare
1148 3017 1259 3090 longis·

179 3117 308 3189 sineque
330 3132 348 3173 a
368 3116 504 3174 mammis
519 3117 625 3174 castris
641 3115 776 3174 Caesaris
792 3119 905 3176 aberat.
937 3117 1048 3176 Eodem
1062 3134 1162 3193 naves,
1186 3135 1259 3191 quas
1281 3126 1295 3174 3

180 3217 445 3276 demonstravimus
467 3232 578 3290 aggere
593 3222 624 3276 et
645 3217 721 3277 levis
736 3223 907 3276 armaturae
931 3219 1076 3277 militibus
1100 3220 1260 3292 completas

181 3335 311 3392 quasque
334 3318 372 3378 ad
385 3318 586 3393 Dyrrachium
600 3335 691 3378 naves
712 3320 818 3393 longas
831 3320 959 3379 habehat
979 3321 1075 3378 mittit
1096 3327 1134 3395 et,
1157 3320 1260 3392 quida

181 3437 295 3494 quoque
309 3421 376 3480 fieri
389 3422 472 3497 velit,
486 3423 641 3498 praecipit.
663 3422 711 3480 Ad
726 3439 776 3480 eas
790 3423 967 3481 munitiones
979 3420 1090 3481 Caesar
1104 3422 1261 3482 Lentulum
1283 3432 1299 3481 4

182 3521 386 3582 Marcellinum
411 3529 597 3596 quaestorem
626 3541 691 3583 cum
719 3525 836 3598 legione
861 3543 939 3585 vum.
967 3525 1096 3599 positum
1122 3525 1260 3584 habebat.

182 3622 268 3698 Huic,
284 3623 360 3697 quod
375 3624 545 3685 valetudiue
560 3627 656 3684 minus
671 3625 819 3702 commoda
833 3627 982 3700 utebatur,
999 3625 1140 3684 Fulvium
1154 3624 1261 3684 Postu·

183 3743 262 3784 mum
284 3725 446 3785 adiutorem
468 3727 654 3787 submiserat.

270 3822 323 3888 aa.
345 3829 422 3887 Erat
437 3845 471 3888 eo
492 3830 556 3889 loco
577 3831 658 3890 losse
671 3830 778 3907 pedum
799 3847 840 3890 xv
854 3837 886 3890 et
904 3830 1002 3889 vallus
1024 3835 1129 3889 corma
1148 3831 1262 3890 hostem

184 3931 217 3989 in
248 3930 436 3990 altitudinem
462 3932 569 4005 pedum
597 3949 629 4008 x,
659 3932 888 4005 tantundemque
916 3932 979 3990 eius
1008 3932 1082 3992 valli
1111 3949 1206 4005 agger
1230 3932 1262 3989 in
