2964 4506
241 279 282 338 le
619 280 670 334 DE
688 279 806 334 BELLO
825 278 937 334 OIVlLl

201 464 216 514 3
239 460 301 533 tur,
324 454 461 515 frumenti
483 454 561 530 quod
575 455 724 515 inventum
740 454 826 514 estin
841 453 988 532 publicum
1004 451 1171 532 conferunt3
1195 452 1321 529 reliquas

239 575 347 618 merces
369 562 603 633 commeatusque
624 557 661 616 ad
676 555 853 617 obsidionem
868 556 955 633 urbis,
978 556 1001 614 si
1023 556 1141 633 accidat,
1163 559 1319 616 reservant.

198 670 212 719 4
236 659 348 734 Quibus
369 659 478 720 iniuriis
500 664 649 736 permotus
669 657 774 719 Caesar
795 660 923 735 legiones
945 664 1002 718 tres
1016 659 1170 718 Massiliam
1185 658 1317 735 adducit3

237 766 330 822 turres
357 762 515 838 vineasque
542 762 579 820 ad
608 761 854 838 oppugnationem
876 760 955 820 urbis
977 779 1077 838 agere,
1105 779 1194 820 naves
1215 760 1319 836 longas

200 874 214 924 5
235 865 351 925 Arelate
372 882 493 924 numero
515 883 558 923 xu
579 862 674 925 facere
702 864 831 924 instituit.
868 863 980 938 Quibus
1009 862 1119 924 effectis
1142 863 1318 938 armatisque

236 967 338 1027 diebus
353 986 422 1043 xxx,
444 985 462 1025 a
484 984 542 1043 quo
565 965 611 1026 die
633 967 752 1025 materia
774 983 857 1026 caesa
876 970 927 1041 est,
949 965 1138 1041 adductisque
1161 963 1316 1024 Massiliam

235 1068 279 1128 his
289 1067 325 1127 D.
337 1069 460 1128 Brutum
476 1066 622 1146 praeficit3
640 1067 670 1128 Ο.
681 1068 858 1129 Trebonium
873 1069 1000 1144 legatum
1017 1068 1054 1127 ad
1069 1067 1315 1145 oppugnationem

233 1171 376 1231 Massiliae
397 1171 540 1247 relinquit

321 1267 377 1337 37.
399 1274 478 1333 Dum
501 1273 572 1334 haec
586 1279 670 1350 parat
684 1280 771 1349 atque
786 1273 973 1350 administrat,
996 1272 1027 1332 0.
1041 1273 1163 1333 Fabium
1187 1274 1314 1349 legatum

233 1394 299 1435 cum
322 1375 484 1450 legionibus
506 1394 548 1453 111,
584 1393 656 1451 quas
677 1375 817 1435 Narbone
845 1375 1008 1450 circumque
1030 1392 1065 1434 ea
1087 1376 1149 1434 loca
1169 1373 1315 1434 hiemandi

234 1495 323 1538 causa
354 1477 547 1555 disposuerat,
574 1477 603 1535 in
630 1477 801 1553 Hispaniam
829 1477 986 1554 praemittit
1013 1477 1197 1552 celeriterque
1224 1478 1315 1536 saltus

237 1580 402 1658 Pyrenaeos
425 1579 558 1656 occupari
580 1580 670 1658 iubet,
692 1581 799 1654 quiec
822 1585 953 1655 tempore
974 1579 1011 1639 ab
1028 1579 1061 1638 L.
1075 1578 1195 1639 Afranio
1217 1581 1313 1656 legato

196 1696 210 1746 2
231 1682 386 1758 praesidiis
403 1683 584 1742 tenebantur.
615 1681 753 1758 Reliquas
767 1680 902 1758 legiones,
918 1698 994 1756 quae
1007 1681 1123 1757 longius
1139 1681 1314 1759 hiemabant,

194 1801 208 1849 3
232 1781 372 1855 subsequi
393 1780 486 1840 iubet.
531 1780 648 1852 Fabius,
671 1784 704 1839 ut
726 1784 787 1839 erat
808 1781 995 1856 imperatum,
1017 1779 1148 1840 adhibita
1170 1779 1313 1840 celeritate

229 1882 410 1958 praesidium
433 1899 470 1941 ex
492 1883 566 1941 saltu
592 1881 696 1942 deiecit
716 1883 889 1958 magnisque
915 1882 1068 1942 itineribus
1089 1881 1127 1940 ad
1156 1882 1312 1942 exercitum

228 1982 344 2043 Afranii
366 1983 522 2044 contendit.
1165 2034 1170 2040 ,

317 2080 372 2150 38.
394 2087 530 2146 Adventu
545 2087 577 2144 L.
591 2085 714 2145 Vibullii
728 2083 807 2164 Ruii,
829 2103 915 2162 quem
937 2104 955 2145 a
977 2085 1115 2161 Pompeio
1137 2087 1258 2146 missum
1279 2087 1311 2145 in

231 2187 404 2264 Hispaniam
434 2187 662 2249 demonstratum
689 2192 745 2264 est,
777 2186 916 2247 Afranius
944 2192 972 2248 et
1000 2188 1130 2248 Petreius
1158 2193 1187 2248 et
1207 2188 1310 2265 Varro,

231 2290 320 2366 legati
334 2290 465 2365 Pompei,
488 2305 611 2363 quorum
634 2307 710 2348 unus
730 2289 904 2366 Hispaniam
928 2289 1087 2350 citeriorem
1109 2291 1203 2350 tribus
1223 2291 1312 2366 legio-

231 2393 331 2470 nibus,
359 2393 431 2452 alter
458 2391 621 2451 ulteriorem
644 2409 662 2450 a
687 2393 762 2451 saltu
786 2391 986 2452 Castulonensi
1014 2393 1051 2452 ad
1072 2395 1166 2452 Anam
1196 2394 1310 2453 duabus

232 2495 409 2572 legionibus,
431 2495 533 2554 tertius
555 2493 592 2553 ab
614 2495 680 2553 Ana
694 2494 852 2555 Vettonum
875 2513 978 2572 agrum
991 2495 1227 2570 Lusitaniamque
1248 2495 1311 2572 pari

193 2603 207 2653 2
233 2615 355 2657 numero
377 2597 527 2673 legionum
550 2597 708 2675 obtinebat,
731 2597 830 2659 officia
851 2601 927 2660 iuter
948 2617 979 2658 se
999 2601 1172 2677 partiuntur,
1194 2599 1238 2658 uti
1261 2599 1312 2656 Pe-

231 2703 321 2760 treius
336 2719 373 2760 ex
384 2700 535 2760 Lusitania
549 2719 601 2777 per
615 2701 755 2761 Vettones
771 2720 836 2762 cum
852 2701 985 2761 omuibus
1001 2701 1091 2777 copiis
1106 2701 1143 2760 ad
1157 2700 1311 2760 Afranium

231 2801 446 2879 proficiscatur,
472 2802 565 2862 Varro
589 2820 653 2862 cum
676 2803 721 2879 iis,
745 2820 817 2877 quas
843 2801 982 2877 habebat,
1009 2801 1174 2876 legionibus
1196 2819 1311 2861 omnem

193 2905 395 2964 culteriorem
422 2905 596 2982 Hispaniam
629 2907 754 2963 tueatur.
796 2903 850 2962 His
883 2904 970 2962 rebus
1003 2903 1165 2963 constitutis
1198 2906 1311 2979 equites

236 3007 402 3083 auxiliaque
423 3009 477 3067 toti
499 3007 666 3066 Lusitaniae
688 3023 706 3064 a
728 3005 849 3082 Petreio,
872 3005 1050 3083 Celtiberiae,
1074 3004 1226 3065 Cantabris
1248 3007 1311 3066 bar·

229 3109 365 3185 barisque
398 3110 548 3185 omnibus,
585 3107 635 3184 qui
668 3108 705 3167 ad
741 3107 888 3168 Oceanum
921 3108 1080 3187 pertinent,
1118 3109 1155 3168 ab
1188 3108 1311 3168 Afranio

193 3219 207 3267 4
229 3213 418 3286 imperantur.
462 3210 576 3284 Quibus
598 3212 704 3270 coactis
734 3210 860 3270 celeriter
882 3210 1011 3270 Petreius
1038 3227 1090 3286 per
1111 3210 1250 3269 Vettones
1272 3208 1310 3267 ad

229 3311 383 3373 Afranium
411 3313 542 3390 pervenit
566 3313 802 3386 constituuntque
830 3311 975 3371 communi
1001 3310 1119 3370 consilio
1143 3310 1250 3370 bellum
1273 3310 1312 3369 ad

230 3416 355 3474 Ilerdam
376 3419 495 3492 propter
517 3414 608 3490 ipsius
629 3415 685 3474 loci
708 3413 952 3490 opportunitatem
975 3429 1083 3489 gerere.

315 3510 368 3578 39.
391 3516 490 3586 Erant,
512 3520 545 3574 ut
566 3534 654 3592 supra
675 3516 903 3575 demonstratum
927 3521 977 3593 eet,
999 3515 1128 3591 legiones
1142 3515 1255 3576 Afranii
1267 3537 1311 3595 111,

231 3619 325 3679 Petrei
347 3619 430 3694 duae,
452 3622 603 3694 praeterea
624 3623 753 3678 scutatae
775 3619 912 3679 citerioris
933 3619 1098 3696 provinciae
1119 3624 1148 3680 et
1170 3625 1313 3680 caetratae

231 3720 372 3780 ulterioris
386 3719 547 3797 Hispaniae
570 3720 700 3780 cohortes
723 3720 832 3781 circiter
853 3739 930 3781 nxxx
953 3721 1141 3798 equitumque
1162 3723 1312 3796 utriusque

195 3829 209 3879 2
230 3821 396 3898 provinciae
418 3822 527 3882 circiter
549 3842 569 3882 v
591 3823 678 3882 milia.
709 3823 815 3882 Caesar
837 3823 965 3900 legiones
985 3824 1016 3882 in
1038 3822 1210 3900 Hispaniam
1231 3840 1311 3900 prac-

225 3923 407 4003 miseratur,
437 3924 545 3984 auxilia
573 3924 702 4002 peditum
735 3944 755 3984 v
784 3925 877 4004 milia,
908 3926 1037 4002 equitum
1059 3943 1093 3983 111
1114 3924 1206 4003 milia,
1236 3942 1312 4000 quae
