2960 4500
238 266 280 324 38
617 266 667 320 DE
684 267 802 323 BELLO
820 268 934 324 elvini

239 446 269 501 et
281 441 345 501 loeo
360 445 389 500 et
403 445 533 518 tempore
548 459 654 519 aequo,
671 441 827 520 confligere
842 445 973 521 noluerit,
987 450 1020 505 ut
1034 463 1122 521 quam
1137 447 1321 524 integerrima

241 548 336 603 efflent
357 543 394 602 ad
416 561 516 620 pacem
539 544 649 622 omnia3
673 546 828 606 exercitum
851 564 946 624 suum,
968 549 1020 624 qni
1041 547 1146 609 iniuria
1167 551 1254 610 etiam
1276 568 1321 610 ae

239 649 323 720 eepta
345 645 462 720 suisque
483 645 642 706 interiectis
663 665 737 722 quos
758 648 788 707 in
811 667 865 709 sua
892 653 1034 726 potestate
1055 649 1189 711 habuerit
1209 670 1320 712 conser-

240 748 316 807 varit
337 752 366 806 et
388 747 506 825 texerit,
535 747 610 808 illius
633 749 757 825 denique
778 751 920 812 exercitus
940 751 1059 829 milites,
1085 753 1136 828 qui
1158 771 1210 829 per
1231 772 1262 814 se
1284 753 1321 815 de

242 850 423 910 concilianda
443 868 515 927 paca
537 851 656 930 egerint,
678 854 789 928 quain
812 871 843 913 re
865 855 995 914 omnium
1016 872 1135 915 suorum
1153 857 1232 916 vitae
1254 875 1320 918 con·

204 964 219 1012 3
240 952 392 1012 sulendum
413 951 551 1028 putarint.
582 953 629 1013 Sic
650 955 778 1014 omnium
801 955 934 1016 ordinum
956 961 1052 1033 partes
1073 957 1103 1016 in
1124 948 1317 1020 misericordia

239 1054 414 1132 constitiss03
437 1055 517 1131 ipsos
537 1056 624 1116 duces
647 1075 665 1116 a
685 1075 757 1134 pace
771 1058 966 1119 abhorruisse:
992 1076 1042 1120 eos
1060 1077 1155 1135 neque
1169 1061 1317 1138 conloquii

239 1173 335 1232 neque
349 1157 525 1217 indutiarum
539 1157 604 1217 iura
624 1177 754 1220 servasse
768 1164 797 1220 et
818 1160 949 1220 homines
968 1161 1117 1237 imperitos
1131 1168 1160 1221 et
1180 1180 1233 1239 per
1254 1181 1320 1223 con·

203 1273 218 1322 4
241 1260 370 1335 loquium
394 1259 529 1337 deceptos
551 1261 744 1322 crudelissime
763 1261 947 1323 interfecisse.
990 1263 1135 1324 accidisse
1156 1264 1244 1341 igitur
1264 1265 1320 1344 his,

239 1361 319 1437 quod
347 1363 518 1439 plerumque
547 1363 715 1424 hominibus
743 1365 834 1424 nimia
856 1365 1012 1442 pertinacia
1040 1371 1128 1442 atque
1149 1366 1320 1444 adrogantia

241 1465 369 1526 accidere
389 1466 488 1540 soleat,
510 1466 553 1526 uti
575 1485 609 1526 eo
631 1472 778 1527 recurrant
799 1472 828 1527 et
848 1467 878 1527 id
900 1467 1081 1546 cupidissime
1101 1473 1218 1545 petant,
1240 1471 1320 1547 qnod

206 1567 330 1644 5paulo
344 1593 345 1596 ¹
359 1573 427 1627 ante
454 1569 685 1645 contempserint
728 1570 831 1645 Neque
859 1588 937 1630 nunc
964 1587 996 1630 ee
1023 1570 1136 1630 illorum
1159 1571 1320 1632 humilitate

242 1687 338 1745 neque
351 1670 450 1745 ahqua
465 1670 602 1748 temporis
617 1672 833 1748 opportunitate
847 1673 1006 1748 postulare,
1027 1673 1135 1748 quibus
1149 1675 1236 1734 rebus
1251 1691 1320 1751 opes

243 1777 405 1849 augeantur
426 1790 511 1851 suae;
544 1773 596 1833 sed
617 1791 667 1834 eos
689 1773 845 1850 exercitus,
867 1792 941 1850 quos
962 1780 1062 1835 contra
1083 1793 1115 1835 se
1136 1777 1242 1836 multos
1262 1777 1320 1835 iam

204 1885 219 1934 6
241 1893 332 1935 annos
354 1876 486 1949 aluerint,
507 1876 582 1936 velle
604 1876 718 1936 dimitti.
754 1878 858 1953 Neque
879 1879 957 1938 enim
983 1895 1035 1937 sex
1057 1878 1185 1954 legiones
1207 1879 1320 1940 eliade

242 1995 330 2037 causa
350 1979 453 2038 missas
475 1977 504 2036 in
520 1976 692 2055 Hispaniam
714 1979 925 2057 septimamque
946 1981 989 2040 ibi
1004 1983 1204 2059 conscriptam,
1225 1999 1321 2056 neque

242 2087 285 2142 tot
305 2087 459 2157 tantasque
474 2082 577 2142 classes
599 2087 724 2158 paratas,
746 2101 841 2158 neque
860 2084 1019 2143 submissos
1033 2083 1120 2143 duces
1134 2083 1175 2144 rei
1188 2083 1320 2144 militaris

204 2184 355 2261 rpentes.
401 2173 483 2242 Nihil
511 2184 614 2245 horum
643 2185 680 2244 ad
709 2186 855 2262 pacandas
882 2185 1053 2263 Hispanias,
1082 2185 1155 2245 nihil
1176 2186 1213 2245 ad
1236 2205 1318 2246 usum

241 2285 408 2364 provinciae
428 2288 593 2364 provisum,
622 2305 697 2363 quae
718 2292 836 2364 propter
864 2288 1081 2348 diuturnitatem
1106 2289 1186 2363 pacis
1208 2287 1317 2347 nullum

204 2398 220 2450 8
242 2388 383 2448 auxilium
405 2388 583 2450 desiderarit.
618 2389 724 2450 Omnia
744 2389 816 2450 haec
830 2389 887 2448 iam
909 2389 1020 2465 pridem
1036 2393 1136 2448 contra
1155 2405 1187 2448 ee
1207 2391 1317 2466 parari:

241 2493 273 2550 in
293 2509 326 2551 se
346 2492 415 2551 novi
437 2491 550 2568 generis
571 2492 694 2568 imperia
715 2491 856 2569 constitui,
878 2496 912 2552 ut
932 2491 1008 2551 idem
1023 2491 1060 2550 ad
1081 2495 1180 2567 portae
1201 2490 1319 2550 urbanis

242 2594 404 2671 praesideat
429 2596 517 2655 rebus
545 2599 574 2655 et
602 2595 677 2656 duas
703 2594 931 2656 bellicosissimas
959 2594 1124 2671 provincias
1152 2594 1256 2654 absens
1276 2598 1320 2653 tot

208 2710 330 2760 caunos
357 2697 500 2774 obtineat,
533 2697 564 2755 in
591 2715 623 2756 se
650 2700 716 2757 iura
742 2699 965 2773 magistratuum
993 2696 1177 2772 commutari,
1209 2713 1246 2755 ne
1280 2713 1317 2755 ex

238 2805 375 2877 praetura
396 2803 425 2858 et
452 2799 617 2874 consulatu,
645 2803 679 2857 ut
705 2816 832 2875 semper,
861 2799 911 2858 sed
941 2816 994 2872 per
1019 2815 1128 2873 paucos
1149 2798 1265 2873 probati
1288 2804 1317 2858 et

239 2901 322 2960 electi
343 2901 374 2958 in
395 2899 559 2975 provincias
581 2899 746 2976 mittantnr;
775 2901 807 2959 in
828 2917 859 2959 se
880 2900 984 2959 aetatis
1006 2899 1219 2958 excusationem
1242 2899 1315 2959 nihil

239 2994 344 3077 valere,
365 3001 435 3077 quin
457 3000 653 3077 superioribus
674 3001 756 3061 bellis
783 3001 899 3078 probati
921 3000 959 3060 ad
981 2999 1153 3061 obtinendos
1175 3001 1316 3062 exercitus

189 3119 218 3170 10
239 3109 409 3181 evocentur3
438 3103 467 3162 in
496 3121 527 3163 se
554 3122 614 3163 uno
642 3123 702 3165 non
729 3103 852 3181 servari,
878 3104 958 3180 quod
984 3103 1021 3164 sit
1049 3103 1185 3164 omnibus
1213 3103 1313 3164 datrrm

239 3223 352 3282 semper
373 3207 609 3283 imperatoribus,
630 3212 663 3268 ut
685 3208 771 3269 rebus
792 3206 911 3268 feliciter
937 3205 1023 3284 gestis
1045 3210 1096 3266 aut
1117 3223 1182 3266 cum
1204 3205 1314 3266 honore

187 3340 192 3354 ι
240 3307 337 3384 aliquo
360 3313 411 3369 aut
425 3315 500 3370 certe
514 3311 577 3370 sine
591 3310 753 3385 ignominia
774 3309 894 3370 domurn
908 3311 1088 3369 revertantur
1102 3307 1316 3383 exercitumque

189 3419 218 3470 11
238 3411 394 3474 dimittant.
438 3411 521 3486 Quae
554 3417 650 3472 tamen
680 3411 777 3472 omnia
806 3418 887 3471 etse
915 3409 1014 3470 tulisse
1043 3407 1186 3486 patienter
1207 3414 1236 3469 et
1258 3427 1320 3471 esse

239 3516 380 3574 laturum:
408 3531 503 3589 neque
524 3513 652 3574 nuncid
673 3531 767 3590 agere,
782 3518 815 3573 nt
836 3514 874 3573 ab
895 3513 950 3572 illis
972 3512 1129 3572 abductum
1152 3513 1310 3572 exercitum

240 3622 338 3703 teneat
351 3618 422 3694 ipse,
444 3615 522 3691 quod
544 3620 642 3676 tamen
655 3617 710 3676 sibi
724 3615 844 3676 difficile
858 3634 917 3676 non
939 3618 985 3692 sit,
1006 3614 1057 3674 sed
1073 3632 1111 3673 ne
1125 3613 1164 3673 illi
1179 3613 1314 3690 habeant,

190 3727 217 3778 12
239 3738 298 3795 quo
320 3723 419 3778 contra
440 3736 471 3779 se
496 3718 539 3778 uti
559 3719 678 3795 possint.
711 3719 844 3795 Pnoinde,
867 3724 901 3778 ut
925 3724 999 3778 esset
1019 3717 1138 3790 dictum,
1159 3715 1315 3791 provinciis

241 3821 412 3883 excederent
433 3821 648 3897 exercitumque
669 3821 860 3898 dimitterent3
889 3821 916 3880 si
935 3820 966 3879 id
986 3820 1023 3880 sit
1043 3818 1165 3893 factum,
1186 3834 1218 3876 se
1239 3817 1315 3878 nori*

242 3929 338 3985 lurum
350 3924 469 3984 nemini.
487 3924 572 3984 Hanc
582 3942 670 3984 unam
683 3929 770 4000 atque
781 3927 939 3984 extremam
951 3939 1013 3981 esse
1022 3922 1103 3998 pacis
1114 3918 1321 3980 condicionem.
