2964 4506
234 225 274 282 24
610 228 663 282 ΒΕ
680 228 799 284 BELLO
819 227 932 283 CIVILI

230 418 326 476 neque
350 402 387 461 ad
409 405 503 480 ripam
526 403 683 480 dispositae
700 404 831 464 cohortes
850 401 1078 463 adversariorum
1101 402 1202 480 perfici
1223 405 1316 482 petie

192 513 206 561 2
233 503 353 584 bantur3
376 505 454 580 quod
477 505 532 565 illis
553 505 707 581 prohibere
728 510 790 566 erat
810 505 895 566 facile
913 523 978 566 eum
1000 508 1092 583 ipsius
1113 505 1241 568 fluminis
1263 526 1315 566 na

231 609 297 664 tura
313 612 401 681 atque
423 625 517 682 aquae
532 608 737 686 magnitudine,
759 613 821 668 tum
844 607 922 684 quod
938 626 974 668 ex
997 610 1065 668 totis
1079 608 1147 686 ripis
1168 609 1198 667 in
1220 627 1313 668 unum

194 717 208 764 3
233 712 321 782 atque
355 714 510 785 angustum
541 711 637 770 locum
668 711 725 770 tela
749 711 945 788 iaciebantur3
980 715 1068 787 atque
1100 717 1161 770 erat
1193 709 1314 772 difficile

232 809 336 870 eodem
352 816 481 888 tempore
496 813 677 889 rapidissimo
699 812 820 874 flumine
835 831 923 891 opera
941 812 1080 891 perficere
1094 818 1123 874 et
1137 814 1194 874 tela
1209 815 1311 874 vitare.

316 908 370 976 51·
393 915 554 975 Nuntiatur
574 913 694 975 Afranio
717 933 840 992 magnos
861 921 1050 994 commeatus,
1078 916 1129 992 qui
1149 919 1204 976 iter
1225 915 1311 976 habe·

231 1015 303 1075 bant
318 1015 355 1075 ad
373 1015 533 1094 Gaesarem,
555 1017 593 1076 ad
614 1016 725 1077 flumen
741 1019 910 1080 constitisse.
941 1019 1091 1078 Venerunt
1112 1036 1146 1078 eo
1168 1018 1312 1094 sagittarii

228 1135 264 1178 ex
297 1117 431 1197 Rutenis,
464 1119 575 1194 equites
603 1138 639 1180 ex
670 1119 764 1180 Gallia
791 1139 857 1181 oum
890 1121 988 1181 multis
1021 1123 1109 1180 camis
1139 1123 1313 1197 magnisque

189 1227 202 1276 2
234 1219 455 1299 impedimentis,
477 1226 510 1281 ut
530 1221 587 1282 fert
603 1221 713 1282 Gallica
727 1222 914 1284 consuetudo.
945 1223 1037 1282 Erant
1057 1228 1206 1300 praeterea
1220 1223 1312 1282 cuius·

233 1341 290 1398 qne
313 1325 427 1399 generis
448 1323 596 1384 hominum
612 1325 690 1384 milia
705 1325 813 1385 circiter
827 1344 858 1384 vr
873 1343 938 1386 cum
959 1325 1049 1385 serus
1071 1325 1236 1403 liberisque3
1260 1325 1312 1384 sed
1374 1335 1380 1343 '

231 1426 327 1484 nullus
350 1425 435 1496 ordo,
464 1427 575 1486 nullum
597 1427 749 1504 imperium
776 1433 901 1507 certum,
916 1446 995 1489 cum
1024 1446 1077 1488 suo
1100 1428 1223 1503 quisque
1246 1446 1311 1488 con-

230 1527 293 1587 sitio
316 1532 445 1588 utcretnr
467 1535 555 1604 atque
577 1547 676 1590 omnes
696 1532 761 1589 sine
782 1530 883 1590 timore
897 1531 951 1591 iter
971 1529 1099 1591 facerent
1120 1531 1165 1590 usi
1186 1530 1312 1606 superio-

189 1639 203 1687 3
233 1649 298 1690 rum
320 1636 483 1708 temporum
498 1636 586 1707 atquc
601 1634 736 1692 itinerum
759 1633 882 1695 lieentia.
912 1633 1003 1692 Erant
1017 1633 1178 1710 complures
1199 1632 1312 1692 honesti

232 1732 437 1809 adulescentes,
459 1739 624 1794 senatorum
641 1733 695 1794 filii
711 1738 740 1797 et
753 1735 862 1796 ordinis
878 1737 1033 1814 equestris3
1057 1741 1139 1796 erant
1152 1735 1312 1811 legationes

233 1837 400 1914 civitatum3
417 1842 499 1896 erant
512 1837 600 1913 legati
616 1837 754 1900 Caesaris.
783 1839 846 1898 Hos
860 1856 960 1898 omnes
974 1837 1103 1910 flumina
1113 1837 1311 1898 continebant.

190 1945 205 1994 l
231 1938 277 1996 Ad
307 1937 360 1998 hos
383 1941 588 2015 opprimendos
617 1959 682 2000 cum
712 1942 791 2000 omni
814 1942 946 2016 equitatu
974 1940 1124 2015 tribusque
1149 1938 1312 2016 legionibus

231 2039 369 2101 Afranius
391 2041 428 2102 de
449 2047 533 2102 nocte
554 2041 746 2119 proficiscitur
766 2043 1021 2120 imprudentesque
1035 2047 1103 2102 ante
1117 2041 1211 2102 missis
1232 2041 1310 2117 equi-

232 2143 309 2202 tibus
338 2143 514 2219 adgreditur.
549 2144 684 2204 Celeriter
705 2163 768 2205 sese
797 2150 893 2206 tamen
916 2144 994 2206 Galli
1022 2143 1132 2220 equites
1153 2143 1312 2219 expediunt

197 2257 211 2304 5
233 2245 433 2322 proeliumque
454 2245 645 2305 committunt.
689 2247 731 2318 Ii,
753 2247 822 2307 dum
850 2248 913 2323 pari
937 2248 1093 2308 certamine
1113 2265 1158 2306 res
1180 2245 1241 2323 geri
1262 2263 1311 2320 po-

231 2348 295 2426 tuit,
317 2345 456 2424 inagnum
472 2348 597 2409 hostium
611 2366 764 2408 numemm
778 2351 864 2426 pauci
879 2349 1054 2427 sustinuem3
1076 2350 1135 2428 sed,
1157 2350 1208 2412 ubi
1229 2351 1313 2426 signa

235 2448 382 2528 legionum
404 2451 636 2530 adpropinquare
659 2456 829 2530 coeperunt,
860 2453 959 2529 paucis
980 2453 1092 2514 arnissis
1114 2472 1176 2514 seso
1196 2455 1226 2512 in
1248 2471 1313 2529 pro

201 2567 216 2615 6
236 2557 332 2614 ximos
353 2559 466 2615 montes
487 2553 649 2615 confemnt.
692 2557 757 2615 Hoc
778 2574 898 2633 pugnae
922 2560 1036 2634 tempus
1058 2574 1197 2632 magnum
1219 2554 1315 2616 attulit

236 2660 342 2720 nostris
365 2659 402 2718 ad
432 2659 554 2718 salutem
576 2662 769 2735 momentum3
798 2661 876 2718 nacti
898 2659 974 2718 enim
1001 2659 1126 2734 spatium
1148 2677 1179 2718 se
1200 2659 1230 2716 in
1251 2657 1315 2716 loca

238 2763 389 2835 superiora
415 2764 592 2836 receperunt.
636 2759 799 2818 Desiderati
820 2764 888 2817 sunt
909 2775 943 2817 eo
972 2759 1018 2816 die
1044 2759 1185 2832 sagittarii
1207 2758 1316 2819 circiter

237 2880 280 2939 co,
303 2862 413 2937 equites
435 2860 529 2938 pauci,
551 2860 684 2920 calonum
707 2863 795 2934 atque
816 2859 1088 2936 impedimentorum
1110 2877 1169 2919 non
1192 2878 1316 2937 magnus

238 2981 383 3023 numerus.

324 3059 380 3128 52.
406 3065 460 3124 His
482 3068 579 3123 tamen
602 3065 737 3124 omuibus
757 3081 873 3124 annona
895 3063 996 3143 crevit3
1020 3081 1096 3140 quae
1116 3062 1178 3124 fere
1192 3081 1237 3124 res
1258 3079 1317 3120 non

239 3169 333 3228 solum
355 3168 455 3244 inopia
475 3169 628 3244 praesenti.
650 3167 700 3226 sed
722 3167 808 3227 etiam
830 3165 920 3227 futuri
943 3168 1080 3244 temporis
1102 3167 1204 3226 timore
1224 3166 1318 3240 ingra-

205 3279 356 3332 tvescere
385 3271 543 3332 consuevit.
588 3253 709 3344 lamque
730 3269 767 3328 ad
797 3270 930 3330 denarios
951 3288 970 3328 n
995 3271 1026 3328 in
1053 3269 1184 3350 singulos
1206 3267 1319 3328 modios

241 3391 358 3433 annona
379 3376 549 3449 pervenerat
571 3377 600 3432 et
624 3371 745 3430 militum
769 3371 844 3432 vires
861 3371 961 3449 inopia
981 3370 1119 3432 frumenti
1141 3371 1320 3431 deminuerat

203 3484 219 3534 3
242 3480 330 3550 atque
351 3473 535 3535 incommoda
549 3475 581 3532 in
603 3473 664 3533 dies
683 3474 880 3552 augebantur3
904 3477 947 3534 ita
967 3476 1068 3552 paucis
1090 3473 1191 3534 diebus
1212 3487 1321 3548 magna

245 3583 306 3638 erat
320 3595 417 3638 rerum
438 3575 515 3636 faeta
531 3577 717 3636 commutatio
740 3593 774 3636 ac
787 3594 819 3636 se
833 3575 951 3637 fortuna
965 3577 1159 3652 inclinaverat,
1181 3580 1214 3634 ut
1228 3572 1320 3632 nostri

243 3697 351 3756 magna
372 3679 471 3756 inopia
492 3678 715 3739 necessariarum
737 3697 833 3739 rorum
856 3678 1097 3754 conflictarentur,
1123 3675 1165 3735 illi
1186 3673 1321 3734 omnibus

208 3795 224 3844 4
245 3784 427 3844 abundarent
448 3782 534 3842 rebus
556 3781 774 3858 superioresque
795 3781 979 3842 haberentur.
1017 3779 1122 3840 caesar
1143 3779 1180 3838 iis
1202 3776 1322 3838 civitati·

247 3888 309 3965 bus,
333 3903 407 3960 quae
429 3885 466 3944 ad
488 3886 551 3945 eius
574 3884 728 3945 amicitiam
750 3889 943 3963 accesserant,
966 3883 1043 3960 quod
1065 3882 1160 3942 minor
1182 3885 1242 3942 erat
1263 3879 1323 3941 fru-
