2964 4506
601 247 651 304 ΠΙ.
672 252 783 302 att-40.
1195 249 1235 308 81

154 425 312 485 adductum
341 430 441 484 castra
472 440 590 486 movere
616 422 758 498 vasisqud
782 425 905 485 militari
934 442 1014 484 more
1045 424 1235 485 conclamatis

152 544 328 602 progressus
360 528 444 587 milia
470 543 610 602 passuum
636 543 674 584 m
701 527 765 586 loco
793 527 896 587 idoneo
925 534 956 586 et
983 528 1094 587 occulto
1123 543 1237 587 omnem

154 630 319 689 exercitum
341 630 562 703 equitatumque
583 629 754 689 conlocavit.
793 628 890 704 Scipio
906 630 944 689 ad
958 629 1136 704 sequendum
1149 645 1239 703 para·
1259 640 1275 690 2

153 738 203 790 tus
234 733 363 805 equitum
391 749 530 806 magnam
551 735 664 806 partem
687 731 725 790 ad
746 732 956 806 explorandum
979 733 1039 791 iter
1060 732 1185 792 Domitii
1205 736 1236 790 et

154 833 385 907 cognoscendum
407 833 570 907 praemisit.
612 832 669 905 Qui
691 849 756 892 cum
779 838 878 892 essent
898 833 1050 908 progressi
1066 833 1238 908 primaeque
1258 843 1274 894 a

154 940 271 994 turmae
281 935 406 995 insidias
417 936 620 1010 intravissent,
636 951 674 994 ex
684 935 804 995 fremitu
815 952 955 1009 equorum
965 936 1062 995 inlata
1072 935 1237 1009 suspicione

154 1037 192 1096 ad
219 1053 287 1096 suos
309 1055 340 1096 se
355 1038 488 1112 recipere
502 1042 672 1112 coeperunt,
696 1037 804 1110 quique
824 1037 878 1096 hos
892 1038 1091 1111 sequebantur
1111 1038 1236 1096 celerem

153 1154 253 1198 eorum
276 1144 426 1212 receptum
452 1139 612 1213 conspicati
633 1139 815 1199 restiterunt.
847 1138 951 1198 Nostri
973 1139 1098 1213 cognitis
1112 1137 1237 1213 insidiis,
1257 1148 1274 1200 4

152 1258 189 1300 ue
211 1243 328 1300 frustra
349 1241 480 1314 reliquos
497 1245 711 1316 exspectarent,
734 1240 808 1300 duas
823 1243 902 1301 nacti
923 1250 1037 1301 turmas
1051 1245 1237 1315 exceperunt,

153 1360 277 1417 quarum
305 1344 448 1418 perpauci
476 1344 604 1417 ingess
636 1343 674 1402 ad
701 1360 770 1403 suos
797 1350 973 1418 receperunt
993 1344 1090 1405 -in
1110 1343 1157 1402 his
1178 1343 1238 1401 fuit

151 1446 190 1506 tl.
220 1445 369 1522 Opimius,
399 1447 569 1522 praefectus
597 1446 729 1520 equitum
758 1469 814 1521 -3
846 1447 976 1520 reliquos
1004 1463 1103 1506 omnes
1136 1462 1237 1507 earum

151 1553 316 1608 turmarum
328 1554 383 1608 aut
394 1549 618 1608 interfecerunt
631 1554 685 1608 aut
696 1554 797 1623 captos
813 1549 851 1608 ad
865 1548 1027 1608 Domitium
1042 1549 1236 1608 deduxerunt.

241 1643 298 1715 39.
320 1650 464 1710 Deductis
491 1666 561 1710 orae
582 1651 750 1710 maritimae
771 1649 882 1712 Caesar
902 1652 1068 1728 praesidiis,
1090 1656 1125 1711 nt
1146 1666 1237 1724 supra

152 1753 385 1812 demonstratum
403 1758 456 1828 est,
479 1769 517 1810 m
531 1753 666 1812 cohortes
681 1751 762 1812 Orici
777 1753 877 1828 oppidi
891 1752 995 1813 tuendi
1010 1769 1099 1813 causa
1112 1751 1236 1825 reliquit

151 1855 303 1929 isdemque
323 1855 482 1915 custodiam
512 1855 633 1914 navium
654 1856 811 1928 longarum
832 1855 969 1932 tradidit,
992 1872 1065 1929 quas
1087 1872 1123 1914 ex
1144 1854 1237 1913 Italia

151 1957 369 2016 transduxerat
414 1956 492 2015 Huic
507 1955 603 2014 officio
632 1956 795 2030 oppidoque
817 1957 932 2016 Acilius
953 1955 1097 2017 Oaniuust
1116 1957 1235 2030 legatus

150 2064 299 2133 praeerat.
329 2059 360 2117 Is
382 2075 475 2119 naves
491 2063 608 2117 nostras
629 2059 801 2117 interiorem
816 2058 848 2117 in
869 2064 988 2134 portum
1009 2064 1077 2132 post
1098 2057 1272 2132 oppidana

151 2161 270 2221 reduxit
303 2165 332 2220 et
365 2160 403 2219 ad
435 2165 549 2220 terram
585 2159 732 2234 deligavit
767 2161 960 2234 faucibusque
992 2166 1096 2235 portus
1128 2175 1232 2220 navem

150 2264 317 2324 onerariam
339 2265 523 2323 submersam
545 2263 653 2322 obiecit
675 2267 705 2323 et
724 2263 795 2323 huic
809 2265 936 2324 alteram
958 2263 1121 2337 coniunxit3
1144 2279 1234 2336 super

150 2382 238 2439 quam
252 2371 366 2426 turrem
382 2365 516 2426 effectam
531 2365 569 2424 ad
584 2365 680 2440 ipsum
696 2365 850 2426 introitum
864 2371 969 2440 portus
983 2366 1121 2440 opposuit
1135 2370 1166 2424 et
1179 2364 1233 2423 mi·

150 2468 256 2528 litibus
271 2469 430 2542 complevit
443 2467 640 2540 tuendamque
655 2469 693 2526 ad
708 2485 807 2528 omnes
818 2468 985 2543 repentinos
1000 2484 1086 2528 casus
1100 2467 1232 2528 tradidit.

234 2563 299 2635 40.
323 2569 437 2641 Quibus
461 2569 588 2643 cognitis
609 2571 699 2628 rebus
715 2567 767 2630 (ln.
782 2569 940 2644 Pompeius
961 2571 1057 2644 filius,
1073 2569 1123 2642 qni
1144 2568 1232 2627 classi

149 2671 317 2746 Aegyptiae
345 2676 500 2746 praeerat,
529 2671 567 2730 ad
594 2669 714 2730 Oricum
746 2671 830 2730 venit
857 2672 1094 2744 submersamque
1126 2686 1231 2730 navem

150 2774 278 2833 remulco
305 2773 465 2846 multisque
493 2773 669 2834 contendens
697 2774 818 2833 funibus
846 2773 971 2833 adduxit
996 2779 1086 2846 atquo
1108 2773 1269 2834 alterama

149 2893 268 2952 navem,
302 2892 377 2949 quae
407 2881 474 2936 erat
502 2876 540 2935 ad
568 2876 731 2936 custodiam
765 2878 802 2936 ab
831 2876 926 2936 Acilio
954 2876 1063 2951 posita,
1097 2875 1233 2950 pluribus

150 2979 308 3052 adgressus
340 2978 479 3054 navibus,
513 2979 545 3037 in
573 2979 678 3052 quibus
701 2979 823 3039 altiores
851 2981 965 3038 fecerat
993 2985 1107 3054 turres,
1141 2983 1174 3037 ut
1195 2968 1231 3036 ex
1291 2985 1295 2990 '

150 3079 302 3153 superiore
311 3094 449 3153 pugnans
459 3078 523 3137 loco
537 3080 728 3153 integrosque
742 3095 857 3153 semper
871 3079 1043 3154 defatigatis
1058 3080 1232 3139 submittens

150 3188 182 3242 et
211 3181 335 3254 reliquis
355 3181 493 3255 partibus
513 3181 601 3239 simul
630 3187 662 3239 et
687 3185 769 3240 terra
797 3178 909 3256 [scalis]
938 3186 969 3238 et
995 3181 1089 3240 classe
1117 3182 1231 3240 moenia

150 3283 251 3358 oppidi
273 3288 429 3359 temptans,
452 3284 499 3341 uti
520 3283 758 3343 adversariorum
773 3298 877 3341 manus
899 3281 1056 3356 diduceret,
1079 3283 1180 3343 labore
1202 3287 1231 3342 et

150 3386 338 3446 multitudine
364 3387 491 3445 telorum
512 3391 630 3445 nostros
652 3385 726 3446 vicit
754 3385 933 3459 deiectisque
955 3385 1159 3444 defensoribus
1188 3401 1267 3450 -3

152 3489 202 3561 qui
217 3503 316 3546 omnes
331 3487 448 3561 scaphis
463 3487 580 3561 excepti
593 3488 770 3562 refugerunt
783 3519 826 3530 -
840 3505 905 3547 eam
917 3504 1025 3548 navem
1037 3487 1231 3561 expugnavit.

151 3590 319 3663 Eodemque
346 3597 478 3663 tempore
507 3605 543 3648 cx
572 3589 669 3649 altera
694 3595 782 3664 parte
806 3591 911 3649 molem
939 3591 1038 3649 tenuit
1065 3589 1230 3648 naturalem
1252 3607 1268 3657 4

151 3693 307 3767 obiectam,
330 3707 405 3764 quae
425 3707 520 3765 paene
541 3691 668 3751 insulam
690 3692 828 3767 oppidum
850 3693 954 3768 efficit,
976 3699 1008 3751 et
1028 3709 1079 3750 mr
1103 3692 1230 3754 biremes

151 3795 291 3854 subiectis
302 3793 424 3853 scutulis
435 3795 577 3868 impulsas
587 3795 721 3854 vectibus
731 3795 763 3852 in
773 3795 945 3854 interiorem
956 3800 1075 3870 portum
1086 3794 1230 3855 traduxit.

128 3897 200 3960 .Ita
229 3912 265 3954 ex
292 3901 419 3968 utraque
451 3901 538 3970 parte
570 3912 661 3957 naves
693 3896 798 3969 longas
830 3896 1002 3973 adgressus,
1036 3912 1111 3970 quae
1144 3900 1231 3954 erant

211 3998 294 4044 Caesar
305 3998 333 4044 B.
347 3997 395 4042 Clv.
409 3998 437 4042 cd
458 3999 579 4044 Elissaei
1059 3996 1074 4045 6
