2960 4500
227 290 267 348 62
608 291 658 345 DE
677 290 794 346 BELLO
813 290 927 348 OlVILI

226 467 436 541 magistrisque
457 468 586 540 imperat
600 468 728 542 navium,
752 472 787 527 ut
808 469 903 542 primo
925 483 1049 542 vespere
1063 485 1163 527 omnes
1184 468 1309 542 scaphas

196 569 264 629 tad
286 570 359 628 litus
382 570 521 644 adpulsas
543 570 680 628 habeant.
715 569 772 628 Sed
794 575 898 629 tantus
919 571 977 629 fuit
998 571 1126 629 omnium
1148 577 1255 645 terror,
1277 574 1310 629 ut

227 672 280 730 alii
303 672 405 731 adesse
426 673 526 746 copias
547 672 639 730 Iubae
661 671 808 748 dicerent,
837 673 890 732 alii
917 689 982 732 cum
1009 674 1176 746 legionibus
1197 673 1309 731 instare

227 774 342 833 Varum
364 775 481 848 iamque
496 791 527 832 se
548 775 702 848 pulverem
717 775 897 834 venientium
915 791 1036 834 cernere
1059 775 1195 850 (quarum
1210 791 1309 833 rernm

228 877 303 935 nihil
325 878 441 935 omnino
464 875 635 952 acciderat),
659 877 712 935 alii
733 877 856 936 classem
877 878 1006 936 hostium
1028 878 1167 936 celeriter
1189 877 1309 937 advola-

190 987 205 1036 3
226 982 323 1038 turam
346 979 575 1053 suspicarentur.
620 978 726 1051 Itaque
752 979 924 1052 perterritis
947 981 1080 1039 omnibus
1106 980 1163 1038 sibi
1185 979 1308 1053 quisque

228 1081 407 1140 consulebat.
441 1080 498 1152 Qui
513 1080 544 1139 in
567 1081 660 1140 classe
676 1087 771 1156 erant,
792 1081 939 1154 proficisci
953 1084 1162 1156 properabant.
1195 1081 1310 1140 Horum

228 1182 303 1256 luga
324 1183 444 1242 navium
467 1183 670 1241 onerariarum
692 1183 852 1256 magistros
871 1183 1028 1256 incitabat3
1050 1184 1138 1257 pauci
1159 1184 1310 1242 lenunculi

192 1293 206 1343 4
229 1285 266 1343 ad
282 1285 410 1344 officium
424 1285 635 1360 imperiumque
651 1283 871 1345 conveniebant.
904 1283 962 1344 Sed
976 1289 1061 1346 tanta
1076 1291 1143 1344 erat
1157 1285 1309 1358 completis

229 1388 368 1446 litoribus
383 1387 537 1464 contentio,
561 1389 612 1461 qui
626 1387 810 1462 potissimum
825 1403 862 1446 ex
876 1404 983 1461 magno
1002 1395 1128 1446 numero
1138 1388 1309 1446 conscende·

229 1493 303 1565 rent,
319 1496 354 1548 ut
368 1489 556 1550 multitudine
572 1495 658 1564 atque
674 1507 762 1549 onere
776 1507 834 1549 non
849 1490 925 1548 nulli
940 1490 1181 1566 deprimerentur,
1204 1489 1310 1562 reliqui

231 1591 286 1650 hoc
308 1594 414 1651 timore
436 1595 558 1668 propius
581 1593 664 1652 adire
685 1593 886 1654 tardarentur.

315 1689 367 1759 44.
390 1695 502 1767 Quibus
517 1697 605 1754 rebus
620 1695 736 1770 accidit,
759 1700 794 1754 ut
814 1696 902 1768 pauci
917 1695 1037 1771 milites,
1059 1700 1162 1769 patres
1176 1695 1309 1768 plerique

230 1797 375 1873 familiae,
407 1799 457 1871 qui
480 1804 533 1856 aut
554 1797 655 1871 gratia
681 1802 734 1855 aut
760 1796 963 1878 misericordia
988 1798 1123 1857 valerent
1144 1802 1197 1856 aut
1218 1811 1310 1854 naves
1429 1806 1432 1810 ·

231 1899 342 1959 adnare
373 1905 506 1975 possent,
540 1899 651 1973 recepti
683 1899 715 1957 in
751 1899 883 1959 Siciliam
918 1900 1078 1959 incolumes
1110 1885 1327 1973 pervenirent(

231 2002 375 2077 Reliquae
408 2004 509 2077 copiae
540 2003 638 2060 missis
665 2003 703 2061 ad
728 2003 842 2062 Varum
874 2007 960 2062 noctu
992 2003 1157 2076 legatorum
1190 2017 1310 2060 numero

201 2107 450 2165 tceuturionibus
479 2121 543 2164 sese
565 2103 590 2162 ei
619 2104 800 2163 dediderunt.
851 2104 982 2176 Quarum
1011 2105 1172 2164 cohortium
1200 2103 1310 2161 milites

227 2212 344 2283 postero
366 2208 414 2266 die
430 2213 499 2266 ante
514 2208 653 2282 oppidum
668 2207 744 2266 Iuba
759 2208 944 2281 conspicatus
960 2223 1043 2265 suam
1058 2223 1121 2265 esse
1136 2206 1310 2280 praedicans

227 2311 368 2385 praedam
390 2327 528 2383 magnam
549 2316 665 2384 partem
688 2325 788 2367 eorum
809 2309 938 2366 interfici
952 2309 1048 2383 iussit,
1070 2323 1179 2382 paucos
1201 2307 1310 2365 electos

228 2414 260 2472 in
275 2430 399 2487 regnum
414 2413 537 2488 remisit,
553 2429 617 2471 cum
632 2411 731 2470 Varus
746 2427 828 2468 suam
839 2410 926 2468 fidem
942 2411 978 2468 ab
994 2426 1027 2467 eo
1042 2407 1120 2468 laedi
1134 2414 1310 2482 quereretur

191 2524 205 2574 3
227 2533 321 2590 neque
345 2516 484 2574 resistere
507 2515 637 2573 auderet.
682 2511 750 2587 Ipse
773 2529 846 2586 equo
868 2511 900 2571 in
929 2511 1067 2586 oppidum
1088 2514 1189 2571 vectus
1210 2527 1309 2585 prose·
1371 2537 1376 2546 ·

228 2619 385 2693 quentibus
416 2617 614 2691 compluribus
643 2615 842 2690 senatoribus,
873 2631 929 2688 quo
960 2613 992 2672 in
1018 2630 1138 2672 numero
1161 2615 1226 2671 erat
1248 2610 1313 2681 Ser,

229 2721 377 2796 Sulpicius
407 2727 438 2780 et
470 2718 602 2777 Licinius
629 2715 839 2791 Damasippus,
874 2717 984 2792 paucis,
1014 2732 1088 2789 quae
1121 2716 1187 2775 ficri
1220 2716 1310 2774 vellet

227 2823 341 2898 Uticae,
366 2821 517 2880 constituit
538 2823 624 2892 atque
646 2817 806 2889 imperavit
828 2817 987 2888 diebusque
1013 2820 1079 2890 post
1099 2817 1201 2889 paucis
1224 2833 1255 2874 se
1276 2817 1308 2875 in

228 2940 352 2997 reguum
374 2939 439 2981 cum
461 2923 594 2980 omnibus
615 2919 706 2993 copiis
729 2917 848 2990 recepit.
