2960 4500
601 257 650 312 Ill.
669 261 778 312 87-92.
1178 259 1238 316 105

164 431 235 492 sidio
259 448 320 492 esse
343 433 473 492 iusserat.
518 431 656 492 Oobortes
677 431 707 491 in
729 432 790 492 acie
811 451 889 492 uxxx
915 433 1084 493 constitutas
1106 433 1240 510 habebat,
1262 442 1276 492 2

167 552 243 610 quac
257 552 371 594 summa
385 539 447 594 crat
460 534 570 593 milium
585 552 665 612 xxu3
689 535 819 595 cohortes
834 554 876 594 vn
896 535 995 596 eastris
1015 535 1156 612 praesidio
1178 537 1239 597 reli-

165 641 274 712 querat.
309 636 428 697 Sinistro
444 655 533 696 cornu
547 635 717 706 Antonium,
740 635 841 696 dextro
856 637 888 700 P.
904 637 1023 714 Sullam,
1044 637 1156 698 mediae
1170 638 1239 698 aciei

168 737 218 798 (iu.
241 738 400 799 Domitium
429 743 644 816 praeposuerat.
687 739 755 814 Ipse
781 744 881 800 eontm
907 739 1078 816 Pompeium
1107 740 1238 801 constitit.

166 841 255 901 Simul
278 841 313 900 iis
335 841 421 902 rebus
443 841 664 915 animadversis,
686 859 759 918 quas
781 842 1048 917 demonstravimus,
1070 841 1182 918 timens,
1204 851 1276 903 nea

161 959 180 1001 a
200 943 383 1004 multitudine
403 943 533 1019 equitum
555 943 688 1003 dexbnm
710 962 800 1004 cornu
826 943 1085 1020 circumveniretur,
1108 944 1234 1004 celeriter

161 1057 199 1101 ex
220 1041 305 1102 tertia
326 1041 386 1102 acie
406 1042 538 1118 singulas
559 1040 690 1101 cobortes
718 1041 841 1102 detraxit
871 1047 960 1118 atque
981 1060 1018 1102 ex
1038 1040 1083 1100 bis
1106 1047 1237 1117 quartam

160 1142 283 1203 instituit
303 1142 502 1219 equitatuique
523 1142 660 1220 opposuit
681 1147 719 1219 et,
740 1142 810 1219 quid
831 1141 895 1203 fieri
915 1143 1009 1219 vellet,
1032 1143 1157 1204 ostendit
1178 1162 1238 1203 mo·
1313 1211 1315 1215 ⁸

160 1245 281 1320 nuitque
303 1245 364 1305 eius
386 1245 443 1306 diei
464 1245 613 1304 victoriam
635 1244 665 1304 in
687 1263 785 1304 earum
802 1244 961 1305 cohortium
980 1247 1086 1304 virtms
1100 1250 1238 1304 constare.

162 1345 253 1406 Simul
275 1347 375 1407 tertiae
397 1346 468 1408 aciei
490 1340 612 1428 [totique
635 1341 781 1428 exercitui]
805 1346 971 1424 imperavit,
993 1364 1030 1406 ne
1051 1345 1161 1406 iniussu
1183 1365 1237 1407 suo
1260 1361 1275 1410 4

160 1454 355 1526 concurreret3
378 1467 419 1526 se,
441 1467 506 1509 cum
528 1449 557 1509 id
578 1447 644 1510 fieri
665 1449 764 1526 vellet,
785 1449 891 1510 vexillo
912 1449 1027 1526 signum
1050 1449 1194 1510 daturum

244 1544 300 1615 90.
322 1551 487 1612 Exercitum
510 1569 575 1612 cnm
597 1550 713 1611 militari
727 1569 808 1612 more
829 1544 867 1611 ad
887 1569 1017 1628 pugnem
1041 1551 1238 1612 cohortaretur

158 1669 271 1730 suaque
291 1653 321 1712 in
344 1672 410 1714 eum
433 1653 564 1731 perpetui
592 1653 729 1730 temporis
758 1653 857 1714 officia
881 1653 1072 1731 praedicaret,
1099 1653 1238 1730 imprimis

159 1756 408 1815 commemoravit:
438 1756 573 1816 Testibus
595 1774 626 1816 se
647 1757 784 1816 militibus
812 1756 855 1816 uti
881 1774 981 1833 posse,
1009 1761 1118 1831 quanto
1141 1756 1235 1816 studio
1258 1769 1272 1818 2

160 1873 261 1933 pacem
283 1857 415 1933 petisset,
437 1875 513 1932 quae
534 1875 586 1931 per
607 1857 756 1917 Vatinium
777 1858 807 1916 in
830 1858 1003 1934 conloquiis,
1031 1875 1107 1933 qnae
1129 1875 1180 1932 per
1201 1859 1236 1921 Α.

159 1957 292 2018 Clodium
323 1976 388 2018 eum
412 1958 547 2034 Scipione
568 1957 689 2036 egisset,
717 1959 823 2034 quibus
851 1959 943 2019 modis
971 1959 1009 2018 ad
1032 1958 1148 2020 Oricum
1171 1977 1235 2019 cnm

158 2060 270 2121 Libone
299 2060 335 2120 de
362 2059 507 2120 mittendis
534 2061 637 2137 legatis
665 2061 863 2122 contendisset
906 2062 1011 2136 Neque
1038 2078 1070 2120 se
1097 2078 1236 2137 umquam
1258 2073 1273 2122 3

159 2163 241 2222 abuti
268 2163 389 2223 militum
411 2163 554 2240 sanguiue
574 2180 670 2240 neque
690 2181 751 2223 rem
773 2163 919 2240 publicem
947 2163 1085 2223 alterutro
1107 2164 1233 2225 exercitu

157 2267 273 2340 privare
293 2265 427 2326 voluisse.
461 2267 526 2326 Hac
546 2265 647 2325 habita
661 2267 792 2326 oratione
806 2265 1027 2343 exposcentibus
1041 2265 1184 2326 militibus
1206 2273 1235 2327 et
1255 2278 1270 2326 4

155 2367 252 2428 studio
274 2385 392 2445 pugnae
413 2367 582 2428 ardentibus
603 2368 675 2428 tuba
696 2369 813 2444 siguum
835 2367 923 2428 dedit.

241 2463 298 2532 el.
322 2471 392 2530 Erat
413 2467 446 2530 G.
471 2468 618 2530 Crastinus
645 2474 783 2529 evocatus
804 2469 834 2527 in
861 2467 1155 2548 erectaerecta,
1184 2470 1234 2545 qui

100 2650 103 2655 Ι
155 2571 303 2647 superiore
323 2589 401 2631 anno
422 2571 502 2646 apud
524 2571 737 2645 cumprimum
759 2571 850 2647 pilum
872 2571 902 2628 in
924 2571 1038 2646 legione
1052 2590 1081 2630 x.
1100 2571 1230 2648 duxerat,

155 2672 199 2730 vir
219 2672 357 2748 singulari
384 2671 499 2732 virtute.
544 2672 600 2733 Hic
626 2673 709 2749 signo
735 2673 803 2733 dato
823 2666 997 2749 ‘Sequimini
1033 2663 1099 2748 me',
1129 2672 1232 2749 iuquit,

151 2766 358 2851 ‘manipulares
380 2774 436 2834 mei
469 2774 519 2850 qui
544 2772 641 2836 inistis
675 2780 704 2835 et
733 2780 829 2835 vestro
856 2775 1022 2852 imperatori
1050 2793 1138 2851 quam
1169 2794 1233 2836 con-
1273 2755 1283 2780 ’

153 2877 287 2937 saevistis
323 2894 440 2954 operam
476 2876 551 2938 date.
595 2878 692 2938 Unum
726 2876 781 2937 hoc
807 2876 949 2954 proelium
984 2881 1132 2956 superest3
1172 2887 1267 2954 quoa

156 2978 286 3039 confecto
311 2985 340 3038 et
366 2979 414 3040 illc
445 2997 529 3038 suam
561 2979 731 3056 dignitatem
764 2985 793 3040 et
824 2997 878 3040 uos
910 2985 1039 3040 nostram
1067 2980 1230 3041 libertatem

154 3076 406 3157 recuperabimus.
424 3079 515 3140 Simul
526 3082 680 3157 respiciens
688 3071 1228 3159 Gaesarem‘Faciam'‚inquit‚‘hodie,
1253 3091 1267 3140 a

154 3183 323 3259 imperator,
348 3187 382 3242 ut
396 3188 447 3243 aut
461 3181 528 3241 vivo
543 3181 612 3241 mihi
627 3189 678 3243 aut
692 3188 806 3242 mortuo
822 3183 929 3260 gratias
943 3175 1035 3260 agas’.
1072 3183 1153 3243 Hace
1167 3202 1232 3244 eum

152 3286 285 3356 dixisset,
306 3286 416 3362 primus
438 3291 475 3346 ex'
496 3287 598 3346 dextm
620 3303 710 3346 cornu
724 3286 919 3363 procucurrit,
941 3291 1031 3360 atque
1053 3303 1120 3345 eum
1149 3287 1230 3347 electi

152 3389 256 3449 milites
283 3391 395 3450 circiter
409 3407 468 3450 cxx
488 3389 644 3451 voluntarii
666 3383 806 3470 [eiusdem
820 3380 977 3470 centuriae]
993 3393 1061 3448 sunt
1074 3389 1228 3465 prosecuti.

238 3485 295 3554 92.
317 3491 396 3550 Inter
417 3491 490 3551 duas
512 3491 587 3552 acies
610 3495 723 3552 tantum
746 3496 808 3551 erat
829 3491 959 3551 relictum
982 3489 1083 3566 spatii,
1106 3495 1138 3549 ut
1160 3490 1230 3549 satis

153 3599 228 3653 esset
260 3591 297 3652 ad
326 3609 496 3654 coneursum
524 3595 676 3670 utriusque
709 3593 859 3654 exercitus.
905 3593 961 3653 Sed
991 3592 1146 3668 Pompeius
1172 3593 1231 3652 suis

152 3695 347 3773 praedixerat,
383 3699 416 3754 ut
453 3693 581 3754 Caesaris
616 3696 756 3772 impetum
792 3695 957 3772 exciperent
992 3712 1065 3755 neve
1100 3712 1132 3756 se
1166 3695 1229 3755 loeo

153 3803 302 3858 moverent
332 3796 480 3872 memque
512 3798 574 3856 eius
605 3797 725 3857 distrahi
752 3801 933 3875 paterentur3
967 3796 1054 3872 idque
1082 3795 1266 3856 admonituz

155 3900 187 3961 d.
210 3899 313 3960 Triarii
332 3898 435 3960 iecisse
457 3898 618 3976 dicebatur,
645 3905 678 3960 ut
699 3901 811 3976 primus
832 3900 963 3960 incursus
985 3899 1086 3975 risque
1108 3899 1229 3958 militum
