2964 4506
254 226 313 285 106
394 266 397 276 ι
625 227 674 281 ΒΕ
693 227 810 283 sunno
831 227 946 282 ClVILI

249 400 455 478 infringeretur
476 401 609 478 aciesque
630 401 839 463 distenderetur
857 407 946 477 atque
967 402 997 461 in
1018 401 1078 462 suis
1100 403 1249 462 ordinibus
1271 403 1325 462 dis

249 503 334 579 positi
362 503 504 580 dispersos
533 504 728 581 adorirentur3
757 503 907 580 leviusque
933 522 1034 564 casura
1061 505 1120 580 pila
1140 506 1276 580 sperabat
1295 505 1325 564 in

250 607 313 666 loco
336 607 452 666 retentis
474 605 627 682 militibus,
650 625 737 682 quam
759 607 785 666 si
805 606 860 680 ipsi
882 606 1015 666 immissis
1037 607 1099 666 telis
1121 607 1324 684 occurrissent3

250 709 334 768 simul
364 708 441 789 fore,
468 715 502 770 ut
523 709 667 786 duplicato
697 728 781 770 cursu
804 710 933 770 Caesaris
946 751 948 756 -
961 709 1066 768 milites
1092 712 1326 770 exanimarentur

211 815 226 864 3
249 816 278 870 et
298 811 465 871 lassitudine
487 810 704 872 conficerentur.
750 811 836 885 Quod
853 812 942 872 nobis
971 812 1089 887 quidem
1112 813 1192 872 nulla
1213 813 1325 872 ratione

248 911 358 972 factum
380 931 398 972 a
420 913 559 990 Pompeio
580 913 708 991 videtur,
729 919 883 991 propterea
904 914 983 988 quod
1004 918 1047 973 est
1074 914 1216 988 quaedam
1237 914 1326 974 animi

248 1015 375 1074 incitatio
397 1021 485 1091 atque
507 1014 638 1075 alacritas
660 1016 828 1076 naturaliter
846 1016 946 1075 innata
968 1015 1110 1092 omnibus,
1133 1033 1209 1091 quae
1230 1015 1324 1075 studio

249 1135 366 1193 pugnae
386 1117 554 1178 incenditur.
583 1119 669 1177 Hanc
682 1137 741 1178 non
756 1119 917 1193 reprimere,
939 1117 989 1177 sed
1010 1099 1118 1194 augere
1139 1118 1325 1194 imperatores

250 1219 371 1297 debentr
394 1238 489 1295 neque
503 1218 610 1279 frustra
624 1219 782 1296 antiquitus
797 1220 960 1280 institutum
979 1225 1031 1298 est,
1052 1226 1086 1280 ut
1099 1219 1183 1296 sigua
1197 1219 1325 1295 undique

250 1322 431 1381 concinerent
461 1323 673 1397 clamoremque
699 1322 825 1381 universi
857 1323 1004 1398 tollerent3
1039 1322 1145 1398 quibus
1177 1322 1264 1380 rebus
1296 1327 1325 1380 et

248 1423 344 1483 hostes
366 1425 464 1483 terreri
486 1428 514 1484 et
535 1443 603 1485 suos
625 1424 736 1484 incitari
758 1424 1003 1485 existimaverunt.

332 1519 385 1586 93.
411 1525 468 1586 Sed
481 1526 572 1586 nostri
593 1526 697 1586 milites
719 1526 802 1601 signo
826 1526 893 1586 dato
917 1544 982 1586 cum
1004 1524 1117 1585 infestis
1138 1525 1203 1601 pilis
1223 1541 1324 1598 procu-

249 1626 402 1687 currissent
423 1631 511 1702 atque
526 1627 654 1686 animum
669 1627 860 1686 advertissent
878 1645 936 1686 non
953 1627 1083 1687 concurri
1097 1645 1116 1684 a
1131 1624 1324 1702 Pompeianis,

248 1747 303 1787 usu
325 1729 408 1805 periti
429 1747 464 1788 ac
485 1729 679 1806 superioribus
706 1729 813 1805 pugnis
836 1729 982 1789 exercitati
1004 1747 1057 1788 sua
1083 1734 1187 1804 sponte
1209 1745 1324 1787 emaum

248 1836 443 1906 represserunt
470 1836 499 1891 et
527 1831 565 1890 ad
591 1831 717 1890 medium
739 1829 800 1891 fere
821 1831 946 1908 spatium
976 1830 1179 1907 constiterunt,
1200 1848 1238 1890 ne
1259 1846 1323 1889 con·

247 1934 368 2010 sumptis
390 1934 498 1996 viribus
520 1935 801 2012 adpropinquarent,
830 1953 979 2011 parvoque
1001 1934 1162 1994 intermisso
1185 1932 1324 2009 temporis

247 2036 339 2112 spatio
369 2055 403 2096 ae
429 2055 528 2096 rursus
549 2042 688 2098 renovato
710 2055 795 2097 cursu
822 2037 882 2114 pila
902 2037 1041 2096 miserunt
1069 2035 1268 2112 celeriterque,
1289 2038 1323 2094 ut

213 2141 227 2190 2
249 2143 311 2196 erat
335 2143 521 2215 praeceptum
548 2157 566 2197 a
592 2138 727 2214 Caesare,
756 2139 868 2215 gladios
894 2139 1078 2199 strinxerunt.
1120 2139 1224 2213 Neque
1253 2153 1322 2196 vero

248 2239 417 2315 Pompeiani
438 2239 505 2299 huic
526 2241 566 2300 rei
592 2239 754 2302 defuerunt.
798 2243 874 2300 Nam
898 2246 926 2301 et
953 2241 1011 2301 tela
1039 2241 1126 2300 missa
1147 2241 1322 2314 exceperunt

248 2345 277 2400 et
298 2342 438 2416 impetum
460 2341 606 2416 legionum
621 2343 749 2401 tulerunt
763 2347 792 2402 ct
807 2343 920 2402 ordines
938 2361 1006 2403 suos
1028 2346 1179 2402 servarunt
1199 2341 1322 2418 pilisque

212 2445 226 2494 3
248 2443 340 2503 missis
362 2444 399 2502 ad
422 2443 532 2521 gladios
553 2444 707 2504 redierunt.
739 2444 849 2504 Eodem
872 2450 1002 2521 tempore
1017 2445 1127 2520 equites
1148 2445 1185 2504 ab
1207 2443 1321 2502 sinistro

248 2546 369 2622 Pompei
392 2564 489 2622 cornu,
511 2551 544 2607 ut
567 2552 628 2606 erat
648 2547 830 2625 imperatum,
851 2547 977 2607 universi
1001 2550 1242 2622 procucurrerunt
1263 2562 1321 2604 om·

189 2711 199 2736 ⁸
247 2647 349 2722 nisque
377 2647 530 2707 multitudo
552 2647 764 2723 sagittariorum
787 2665 818 2707 re
845 2647 984 2724 profudit.
1028 2647 1160 2721 Quorum
1181 2647 1322 2721 impetum

247 2754 345 2808 noster
365 2750 509 2825 equitatus
524 2768 582 2809 non
598 2749 671 2826 tulit,
693 2750 743 2809 sed
757 2751 877 2825 paulum
897 2750 960 2808 loco
976 2754 1072 2808 motus
1088 2749 1179 2824 cessit,
1200 2747 1321 2823 equites

247 2868 305 2926 que
319 2851 440 2926 Pompei
461 2848 516 2910 hoo
537 2849 630 2909 acrius
643 2850 750 2908 instare
765 2854 793 2908 et
807 2867 838 2908 se
852 2848 999 2909 turmatim
1014 2851 1158 2924 explicare
1172 2847 1323 2923 aciemque

212 2952 227 3002 l
249 2951 374 3012 noriram
396 2969 414 3010 a
434 2953 523 3011 latere
544 2955 644 3027 aperto
667 2950 815 3010 circumire
836 2956 1001 3026 coeperunt.
1032 2950 1118 3024 Quod
1139 2950 1191 3010 ubi
1213 2949 1321 3012 Caesar

248 3053 376 3112 animum
403 3053 540 3124 advertit,
573 3057 693 3128 quartae
719 3053 802 3130 aciei,
834 3071 922 3128 quam
952 3053 1129 3131 instituerat,
1157 3053 1322 3114 cohortibus

210 3153 324 3216 ⁵dedit
352 3158 477 3232 rignum.
520 3155 590 3216 Illae
619 3156 748 3216 celeriter
773 3161 1014 3232 procucurrerunt
1042 3155 1212 3232 infestisque
1232 3155 1322 3231 signis

246 3262 328 3318 tanta
349 3258 378 3316 vi
399 3259 429 3317 in
452 3258 574 3334 Pompei
596 3260 708 3333 equites
729 3258 870 3334 impetum
892 3257 1036 3335 fecerunt,
1059 3264 1212 3319 uteorum
1234 3275 1320 3317 nemo

247 3355 412 3416 consisteret
427 3373 584 3431 omnesque
599 3356 729 3416 conversi
749 3375 809 3417 non
823 3357 918 3418 solum
939 3359 1002 3418 looo
1022 3357 1163 3434 cederent,
1184 3356 1235 3416 sed
1256 3373 1321 3433 pro-

247 3459 323 3519 tinus
344 3458 454 3518 incitati
475 3457 548 3534 fuga
561 3464 674 3519 montes
696 3459 847 3520 alb'ssimos
867 3464 1007 3536 peterent.
1045 3460 1157 3534 Quibus
1178 3459 1321 3519 submotis

247 3577 347 3621 omnes
368 3559 509 3636 sagittarii
530 3559 747 3637 funditoresque
769 3561 905 3639 destituti,
937 3561 1069 3640 inermes,
1094 3565 1156 3622 sine
1177 3560 1320 3638 praesidio

208 3663 224 3713 ⁶
245 3661 386 3723 interfecti
400 3667 476 3724 sunt
508 3662 619 3722 Eodem
640 3664 749 3741 impetu
765 3663 896 3724 cohortes
917 3663 1062 3724 sinistrum
1078 3682 1167 3724 cornu
1188 3680 1319 3740 pugnau-

247 3765 323 3825 tibus
345 3764 429 3824 etiam
453 3770 515 3824 tum
530 3783 565 3827 ac
578 3765 774 3826 resistentibus
793 3767 823 3825 in
844 3767 905 3826 acie
920 3766 1104 3844 Pompeianis
1119 3766 1321 3827 circumierunt

247 3884 354 3942 eosque
376 3884 394 3926 a
415 3872 496 3943 tergo
518 3872 587 3928 sunt
608 3867 735 3928 adortae.
