2960 4500
250 252 290 310 96
629 251 679 306 DE
698 250 816 307 BELLO
835 251 949 307 OIVlLl

250 444 346 503 neque
365 426 396 486 in
418 426 518 487 litteris
533 426 695 488 adscribere
710 431 754 488 est
774 426 875 488 solitus
889 444 984 500 neque
1004 425 1035 486 in
1056 424 1185 487 fascibus
1206 424 1333 502 insignia

213 537 227 586 4
249 531 365 590 laureae
386 529 532 606 praetulit.
558 530 598 590 At
611 529 766 609 Labienus,
787 547 853 590 oum
875 530 914 589 ab
929 547 963 589 eo
977 528 1198 605 impetravisset,
1221 533 1255 589 ut
1276 528 1333 588 sibi

249 631 379 709 captivos
401 631 477 692 tradi
497 631 624 709 iuberet,
654 648 755 693 omnes
776 632 932 709 productos
955 631 1168 706 ostentationis,
1195 635 1229 691 nt
1250 631 1331 691 vido
1449 703 1450 708 γ

246 735 342 812 batur,
365 752 466 810 cansa,
490 753 549 811 qno
563 734 655 794 maior
675 731 818 811 perfugae
839 732 913 794 fides
934 733 1098 812 haberetur,
1119 733 1330 795 commilitones
1449 751 1450 794 1

249 837 398 914 appellans
419 840 449 896 et
470 853 578 912 magna
592 837 747 896 verborum
762 836 938 897 contumelia
951 836 1146 912 interrogans,
1167 836 1331 896 solerentne
1449 853 1450 904 ι

248 938 378 999 veterani
399 938 504 999 milites
526 937 642 1017 ingere,
662 938 693 998 in
715 939 847 998 omnium
870 943 1025 1015 conspectu
1047 937 1199 999 interiecit.
1449 933 1450 944 ’

334 1034 386 1103 72.
408 1041 464 1101 His
486 1043 572 1102 rebus
594 1045 707 1101 tantum
729 1039 854 1102 fiduciae
881 1059 917 1102 ac
941 1041 1057 1119 spiritns
1079 1040 1262 1117 Pompeianis
1284 1059 1329 1102 ac

247 1141 346 1220 cessit,
375 1146 489 1202 utnon
512 1141 549 1202 de
570 1141 771 1204 rationebelli
793 1142 967 1220 cogitarent,
995 1143 1047 1204 sed
1073 1142 1173 1204 vicisse
1194 1142 1252 1203 iam
1274 1141 1329 1204 sibi
1449 1133 1450 1140 '

207 1253 222 1302 2
244 1243 418 1304 viderentur.
450 1244 518 1315 Non
533 1243 573 1303 illi
594 1243 768 1319 paucitatem
780 1249 947 1304 nostrornm
961 1244 1095 1322 militum,
1116 1263 1176 1305 non
1190 1244 1328 1320 iniquita·

243 1352 301 1406 tem
323 1345 381 1406 loci
397 1349 486 1421 etque
500 1345 649 1422 angustias
670 1344 887 1423 praeoccupatis
906 1346 1005 1407 oasbis
1020 1351 1049 1407 et
1063 1345 1216 1423 ancipitem
1238 1350 1326 1406 terro·

242 1465 302 1508 rem
331 1447 408 1508 intra
437 1453 578 1523 exuaqne
604 1447 793 1526 munitiones,
820 1467 879 1510 non
907 1449 1050 1510 abscisum
1078 1448 1109 1508 in
1130 1450 1204 1509 duas
1229 1453 1327 1524 partes

242 1549 415 1628 exercitum,
437 1568 503 1610 cum
525 1552 616 1612 altera
637 1551 718 1612 alteri
739 1551 880 1614 auxilium
902 1550 978 1612 ferre
999 1570 1058 1612 non
1086 1556 1200 1628 posset,
1222 1568 1325 1612 causas
1449 1551 1450 1574 ³

203 1659 219 1709 3
240 1651 410 1713 calamitatis
423 1653 515 1714 fuisse
534 1653 711 1730 cogitabant
732 1654 801 1714 Non
816 1653 854 1713 ad
868 1655 941 1716 haee
954 1653 1101 1715 addebant
1113 1672 1173 1714 non
1185 1651 1245 1730 [ex]
1262 1671 1327 1714 con·

244 1773 329 1815 cursu
344 1755 402 1816 acri
417 1753 505 1831 lacto,
526 1773 585 1816 non
600 1756 710 1831 proelio
726 1755 901 1834 dimicatum,
922 1756 1036 1833 sibique
1048 1756 1127 1835 ipsos
1141 1754 1325 1817 multitudine

245 1861 333 1932 atquc
362 1856 502 1934 angustiis
529 1858 624 1918 mains
653 1858 783 1918 amulism
811 1858 1032 1936 detrimentum,
1064 1877 1151 1934 qnam
1178 1858 1216 1919 ab
1244 1857 1328 1919 hoste

207 1965 222 2014 4
247 1957 431 2035 accepissent.
473 1959 542 2019 Non
564 1959 690 2035 deniqne
713 1978 879 2020 communes
901 1961 968 2021 belli
989 1978 1072 2021 casus
1093 1959 1327 2035 recordabantur,

246 2079 335 2136 quam
364 2062 505 2138 parvulae
526 2079 615 2139 saepe
636 2080 740 2123 musae
767 2063 814 2122 vel
835 2060 927 2123 falsae
952 2062 1122 2140 suspicionis
1143 2063 1191 2124 vel
1212 2061 1327 2123 terroris

246 2163 389 2238 repentini
416 2164 463 2223 vel
492 2163 621 2224 obiectae
649 2163 795 2241 religionis
823 2182 932 2241 magna
957 2164 1128 2226 detrimenta
1153 2165 1326 2242 intulissent,

247 2256 382 2338 quotiens
411 2265 458 2324 vel
489 2265 570 2324 ducis
600 2265 670 2326 vitio
698 2267 745 2326 vel
773 2267 860 2342 culpa
887 2267 995 2328 tribuni
1027 2268 1058 2326 in
1091 2269 1218 2328 exercitu
1251 2271 1325 2326 esset

248 2363 410 2443 offensum3
442 2365 494 2426 sed
514 2366 637 2443 proinde
659 2367 739 2426 acsi
764 2366 871 2429 virtute
895 2369 1030 2430 vicissent
1054 2386 1149 2446 neque
1169 2369 1229 2428 ulla
1252 2385 1326 2428 oom-
1449 2441 1450 2450 ἵ

247 2467 370 2527 mutatio
398 2485 495 2528 rerum
523 2473 622 2545 posset
650 2468 792 2546 accidere,
817 2487 870 2545 per
898 2470 998 2531 orbem
1023 2476 1163 2532 terrarum
1191 2469 1271 2529 fama
1292 2486 1326 2529 ac
1449 2479 1450 2492 ¹

247 2569 348 2630 litteris
370 2568 518 2631 victoriam
541 2571 602 2632 eins
624 2570 681 2632 diei
703 2572 951 2633 concelebrabunt
1028 2639 1031 2644 ,

335 2665 389 2734 73.
413 2672 519 2734 Caesar
548 2675 587 2734 ab
608 2674 804 2752 superioribus
825 2675 950 2736 consiliis
977 2675 1114 2750 depulsus
1135 2692 1250 2736 omnem
1272 2673 1326 2734 sibi

249 2774 485 2834 commutandam
508 2775 576 2835 belli
597 2776 737 2836 rationem
765 2776 947 2836 existimavit
990 2776 1094 2850 Itaque
1115 2794 1174 2836 uno
1196 2779 1325 2851 tempore

247 2875 397 2950 praesidiis
420 2877 553 2935 omnibus
575 2876 706 2936 deductis
734 2882 763 2936 et
790 2876 1008 2953 oppugnatione
1029 2876 1147 2935 dimbsa
1168 2880 1326 2950 coactoque

211 2986 226 3036 r
248 2976 278 3034 in
300 2995 392 3035 unum
415 2977 510 3036 locum
526 2976 652 3036 exercitu
668 2977 830 3038 contionem
850 2978 929 3054 apud
942 2977 1048 3037 milites
1069 2977 1172 3039 habuit
1185 2978 1326 3038 hortatus

248 3083 371 3157 quaest,
391 3096 429 3138 ne
443 3096 487 3157 aa,
508 3096 584 3154 quae
598 3078 776 3158 accidissent,
798 3081 926 3156 grauiter
946 3077 1067 3159 ferrent,
1088 3081 1222 3142 revehis
1236 3081 1324 3141 rebus

248 3184 422 3242 terrerentur
447 3181 604 3258 multisque
636 3182 768 3242 secundis
794 3182 909 3261 proeliis
937 3201 1028 3243 unum
1055 3183 1209 3244 adversum
1237 3187 1266 3243 et
1294 3182 1324 3241 ld

211 3283 390 3344 emediocre
403 3287 592 3362 opponerent
625 3283 799 3345 Habendam
814 3284 949 3346 fomunae
963 3284 1324 3363 gram,quod1taliam
1449 3331 1450 3340 ,

248 3385 310 3446 sine
332 3387 430 3462 aliquo
452 3386 572 3446 vnlnere
594 3385 748 3465 cepissent,
776 3387 855 3463 quod
877 3387 950 3448 duas
971 3386 1127 3463 Hispanias
1148 3385 1325 3448 bellicosissi·
1449 3421 1450 3456 ι

248 3507 362 3549 morum
383 3487 534 3549 hominum
556 3488 733 3567 peritissimis
755 3494 843 3565 atquc
869 3488 1111 3551 cumcitatissimis
1132 3490 1256 3551 ducibus
1277 3506 1325 3564 pa·

220 3611 223 3618 ·
249 3592 401 3668 cavissent,
423 3590 500 3666 qnod
521 3588 662 3652 finitimas
683 3590 945 3668 frumentariasque
966 3592 1128 3668 provincias
1149 3593 1180 3652 in
1202 3595 1325 3668 potesta-

249 3697 307 3754 tem
329 3693 520 3771 redegissent3
549 3692 674 3770 donique
695 3694 839 3756 recordari
861 3695 978 3772 debere,
1006 3713 1066 3770 qna
1091 3692 1230 3756 felicitate
1251 3694 1324 3754 inter
1449 3683 1450 3688 ’

250 3794 359 3856 medias
380 3795 505 3855 hostium
527 3795 632 3856 classes
654 3797 778 3874 oppletis
799 3816 859 3858 non
880 3797 973 3858 solum
995 3797 1143 3875 portibus,
1164 3797 1215 3856 scd
1237 3796 1323 3857 etiam

212 3898 381 3958 llitoribns
410 3915 510 3958 omnes
534 3899 692 3960 incolumes
721 3905 816 3961 essent
843 3901 1040 3976 transportati.
1084 3899 1116 3960 si
1142 3918 1202 3959 non
1229 3897 1325 3959 omnia
