2964 4506
628 252 675 308 111.
695 257 803 307 rs-ro.
1210 250 1250 309 99

174 431 288 506 tribuit,
316 433 460 504 quantum
489 434 550 488 erat
577 427 744 505 properanti
765 445 894 506 necesse;
925 429 1028 488 timens
1048 427 1191 502 Domitio,
1214 444 1251 487 ne

171 532 298 592 adventu
328 531 450 608 Pompei
475 537 748 608 praeoccuparetur,
778 531 815 590 ad
849 548 915 591 eum
942 530 1021 590 omni
1050 529 1193 590 celeritate
1223 534 1252 589 et

170 633 266 694 studio
281 635 418 694 incitatus
435 631 590 692 terebatur.
622 633 725 692 Totius
740 637 838 693 autem
853 632 893 692 rei
908 633 1060 692 consilium
1075 631 1119 703 his
1133 631 1249 692 rationi·
1270 640 1286 688 3

172 735 226 794 hus
248 735 424 813 explicabat,
447 739 494 811 nt,
516 733 541 794 si
562 733 717 810 Pompeius
738 734 839 794 eodem
863 734 1061 810 contenderet,
1091 733 1247 794 abductum

171 837 253 895 illum
274 854 293 895 a
314 839 388 896 mari
410 842 500 912 atque
522 837 559 896 ab
582 836 619 894 iis
641 835 739 912 copiis,
761 852 834 910 quas
848 834 1002 912 Dyrrachii
1023 840 1250 913 comparaverat,

171 937 317 999 frumento
340 957 374 998 ac
397 943 571 1015 commeatu,
592 938 767 998 abstractum
789 939 853 1014 pari
875 937 1041 998 condicione
1062 938 1130 998 belli
1150 955 1248 998 secum

173 1040 319 1102 decertare
334 1045 462 1118 cogeret3
485 1040 552 1100 siin
568 1039 681 1100 Italiam
696 1042 839 1117 transiret,
861 1040 1012 1101 coniuncto
1035 1039 1161 1101 exercitu
1184 1058 1249 1102 cum
1273 1045 1288 1094 4

173 1143 303 1204 Domitio
315 1161 367 1220 per
381 1143 530 1220 Illyricum
541 1141 642 1202 Italiae
658 1141 785 1202 subsidio
802 1139 1047 1220 proficisceretur3
1064 1139 1091 1202 si
1106 1142 1252 1219 Apolloni-

175 1264 221 1306 am
238 1245 413 1321 Oricumque
429 1263 600 1322 oppugnare
614 1249 688 1304 etse
702 1243 781 1304 omni
801 1245 1013 1304 maritimaora
1034 1244 1186 1305 excludere
1208 1264 1252 1306 co-

176 1352 307 1425 naretur,
329 1348 447 1408 obsesso
471 1347 606 1422 Scipione
627 1347 789 1406 nccmsan'o
816 1345 897 1406 illum
924 1346 983 1406 suis
1012 1346 1150 1406 auxilium
1177 1344 1253 1408 terre

177 1455 300 1524 cogeret.
345 1449 449 1525 Itaque
476 1448 639 1526 praemissis
664 1448 773 1508 nuntiis
804 1447 842 1507 ad
875 1447 927 1510 (ln.
957 1447 1117 1508 Domitium
1149 1447 1289 1509 (laesero

176 1546 288 1623 scripsit
316 1552 359 1624 et,
389 1546 461 1622 quid
490 1545 557 1606 fieri
586 1546 685 1622 vellet,
713 1545 837 1606 ostendit
863 1545 1063 1623 praesidioque
1085 1546 1255 1623 Apolloniae

176 1648 341 1708 cohortibus
367 1667 427 1722 1111,
457 1647 533 1708 Lissi
559 1666 633 1725 una,
665 1667 700 1708 111
730 1647 809 1709 Orici
836 1647 942 1708 relictis
969 1649 1079 1724 quique
1106 1654 1189 1708 erant
1217 1667 1253 1708 ex

176 1750 343 1811 vulneribus
371 1751 450 1827 aegri
479 1750 617 1827 depositis
642 1769 694 1828 per
716 1751 839 1827 Epirum
865 1755 953 1826 atque
974 1749 1177 1810 Athamaniam
1199 1751 1254 1810 iter

178 1850 273 1912 iacere
295 1853 397 1929 coepit
435 1851 590 1928 Pompeius
611 1870 729 1927 quoque
750 1852 788 1912 de
802 1851 931 1912 Caesaris
953 1853 1070 1913 ccusllic
1093 1853 1256 1914 coniectura
1275 1860 1291 1909 6

178 1953 308 2014 iudicans
329 1952 367 2012 ad
390 1952 553 2030 Scipionem
574 1953 788 2030 properandum
809 1955 867 2014 sibi
889 1953 1079 2031 existimabat,
1103 1953 1127 2014 si
1150 1953 1255 2013 Caesar

178 2055 232 2114 iter
245 2055 293 2115 illo
308 2056 436 2133 haberet,
457 2059 491 2115 ut
504 2055 664 2116 subsidium
680 2056 807 2132 Scipioni
828 2055 930 2133 ferret3
954 2055 978 2114 si
993 2055 1030 2115 ab
1046 2072 1097 2115 ora
1111 2055 1255 2115 maritima

182 2157 336 2234 Oriciaque
357 2158 501 2219 discedere
515 2158 616 2236 nollet,
639 2158 717 2234 quod
738 2158 866 2234 legiones
888 2157 1107 2234 equitatumque
1121 2175 1158 2218 ex
1172 2156 1256 2217 Italia

181 2266 371 2338 exspectaret,
393 2261 455 2337 ipse
476 2265 510 2320 ut
531 2260 664 2321 omnibus
686 2259 774 2337 copiis
795 2259 956 2320 Domitium
979 2259 1191 2336 adgrederetur.

267 2359 322 2426 79.
344 2362 397 2423 His
426 2362 463 2423 de
489 2363 581 2423 causis
608 2367 730 2438 uterque
759 2380 858 2424 eorum
886 2362 1024 2423 celeritati
1051 2362 1199 2438 studebat,
1227 2367 1256 2423 ct

181 2464 242 2522 suis
263 2469 296 2523 ut
317 2468 391 2524 esset
412 2464 518 2524 auxilio
541 2468 570 2524 et
591 2465 630 2523 ad
652 2463 856 2541 opprimendos
870 2463 1048 2525 adversarios
1063 2482 1100 2525 ne
1114 2463 1256 2526 occasioni

181 2565 318 2641 temporis
342 2565 462 2626 deesset.
508 2564 566 2624 Sed
595 2563 748 2624 Gaesarem
778 2564 934 2640 Apollonia
960 2583 978 2624 a
1009 2565 1123 2625 derecto
1155 2566 1292 2624 itinerar

181 2671 337 2743 averterat,
354 2665 509 2740 Pompeius
519 2683 571 2742 per
582 2664 760 2725 Candaviam
771 2667 827 2726 iter
837 2666 868 2726 in
879 2666 1076 2726 Macedoniam
1087 2665 1253 2742 expeditum

182 2767 316 2826 habebat
344 2766 472 2827 Accessit
492 2767 581 2826 etiam
602 2785 639 2828 ex
661 2767 817 2845 improviso
839 2767 919 2827 aliud
932 2767 1156 2846 incommodum,
1179 2768 1257 2842 quod
1277 2778 1292 2826 3

181 2868 340 2946 Domitius,
370 2886 436 2929 cum
464 2868 525 2928 dies
553 2870 714 2945 complmes
737 2869 837 2930 castris
860 2868 1000 2944 Scipionis
1028 2874 1121 2930 castra
1143 2870 1256 2930 conlata

181 2970 335 3045 habuisset,
356 2969 397 3029 rei
419 2968 623 3031 frumentariae
644 2989 732 3032 cansa
753 2971 790 3031 ab
806 2989 840 3031 ec
863 2970 1028 3031 dbcessmat
1050 2975 1079 3032 et
1092 2971 1256 3032 Heracliam

181 3064 353 3154 [Senticam,
381 3087 457 3145 quae
478 3076 522 3132 est
542 3073 671 3132 subiecta
693 3065 882 3153 Candaviae,]
912 3073 967 3132 iter
992 3070 1111 3150 fecerat,
1139 3078 1172 3132 ut
1192 3073 1256 3147 ipsa

180 3170 298 3233 fortuna
323 3173 404 3232 illum
427 3172 540 3234 obicere
562 3173 699 3251 Pompeio
725 3174 878 3234 videretur.
922 3174 1004 3233 Haec
1031 3173 1120 3232 adid
1142 3178 1256 3249 tempus

181 3274 287 3335 Caesar
300 3275 464 3351 ignorabat.
493 3274 585 3334 Simul
601 3293 619 3334 a
634 3275 772 3352 Pompeio
794 3275 894 3336 litteris
914 3292 967 3352 per
981 3292 1080 3334 omnes
1094 3274 1256 3351 provincias
1277 3286 1292 3335 4

181 3375 366 3451 civitatesque
399 3376 520 3436 dimissis
549 3377 585 3436 de
617 3377 724 3452 proelio
757 3377 796 3437 ad
827 3375 1020 3454 Dyrrachium
1057 3374 1134 3436 facto
1171 3377 1256 3436 latius

180 3476 367 3552 inflatiusque
394 3480 500 3556 multo,
531 3496 618 3554 quam
645 3497 691 3540 res
713 3484 774 3540 erat
802 3484 896 3556 gesta,
921 3477 1001 3538 fama
1026 3479 1255 3556 percrebruerat:

179 3579 295 3656 pulsum
323 3576 427 3655 fugere
450 3579 600 3641 Caesarem
622 3599 715 3657 paene
736 3581 871 3641 omnibus
894 3581 981 3658 copiis
1010 3580 1131 3640 amissis.
1175 3581 1256 3640 Haec

179 3681 284 3742 itinera
315 3680 421 3743 intesta
448 3682 623 3761 reddiderat,
655 3683 727 3744 haec
752 3685 881 3744 civitates
908 3702 967 3743 non
994 3683 1088 3742 nullas
1121 3683 1159 3743 ab
1193 3685 1255 3744 eius

180 3784 308 3843 amicitia
334 3785 492 3846 avertebat.
537 3783 649 3859 Quibus
677 3786 783 3846 accidit
803 3787 905 3862 rebus,
934 3789 967 3844 ut
995 3784 1127 3861 pluribus
1150 3785 1291 3846 dimissio

179 3884 330 3945 itineribus
352 3904 370 3946 a
392 3886 513 3948 Caesare
539 3888 577 3947 ad
599 3888 758 3949 Domitium
787 3893 815 3948 et
845 3905 864 3946 a
884 3886 1013 3948 Domitio
1043 3887 1080 3947 ad
1104 3887 1253 3948 Gaesarem

1066 3983 1103 4037 ἵ*
