2960 4500
666 255 716 310 ΙΙΙ.
736 259 843 308 15-19,
1226 252 1264 310 71

173 450 222 494 -se
244 433 281 492 ad
303 450 368 493 eum
390 432 590 507 perducerent.
620 430 703 504 Quod
725 430 763 489 ad
784 430 916 489 indutias
937 430 1110 504 pertineret,
1136 428 1177 489 sic
1197 430 1270 490 belli
1290 438 1306 487 a

191 537 333 596 rationem
349 552 412 596 esse
427 534 558 610 husam,
573 539 609 593 ut
622 533 668 592 illi
683 534 777 592 classe
791 549 883 592 naves
897 530 1066 605 auxiliaque
1080 548 1135 591 sna
1148 531 1268 607 impedi·

191 644 265 714 rent,
288 637 350 712 ipse
371 643 406 696 ut
428 653 505 711 aqna
526 643 666 709 terraque
681 652 730 694 eos
745 633 922 708 prohiberet.
952 633 983 694 Si
1004 634 1059 693 hoc
1081 633 1136 693 sibi
1158 633 1306 693 remittit

191 741 308 815 vellent,
331 737 516 799 remitterent
528 737 585 814 ipsi
599 738 635 796 de
649 734 803 796 maritimis
817 735 970 810 custodiis3
993 736 1018 794 si
1033 735 1108 795 illud
1123 741 1268 811 tenerent,

192 858 222 900 ss
244 857 357 914 quoqne
379 840 410 899 id
431 844 623 899 retenturum.
665 837 766 897 Nihilo
795 837 892 896 minus
920 842 1020 896 tamen
1047 837 1098 911 agi
1125 845 1209 911 posse
1232 836 1268 895 de

192 943 408 1018 compositione,
430 948 465 1002 nt
485 942 559 1000 haec
579 957 638 1000 non
660 938 894 1014 remitterentur,
921 955 1016 1013 neque
1042 940 1118 998 hano
1140 956 1202 998 rem
1223 938 1270 997 illi

193 1062 255 1106 esse
275 1045 490 1120 impediuento.
523 1045 598 1103 Libo
620 1059 714 1116 neque
734 1043 850 1116 legatos
866 1040 1000 1102 Caesaris
1023 1040 1155 1116 recipere
1177 1057 1271 1114 neque
1293 1051 1308 1100 5

192 1149 354 1222 periculum
364 1153 518 1222 praestaro
533 1163 640 1221 eorum,
656 1145 707 1206 sed
721 1151 815 1204 totam
829 1161 892 1208 rem
907 1144 945 1203 ari
958 1144 1130 1219 Pompeium
1145 1145 1269 1217 reicere;

192 1266 280 1310 nuum
301 1249 413 1309 instare
435 1250 471 1308 de
492 1249 616 1309 indutiis
630 1246 943 1320 vehementissimeque
958 1247 1142 1306 contendere.
1179 1246 1270 1317 Quem
1292 1245 1308 1304 'o

191 1353 243 1412 nbi
256 1352 367 1412 Caesar
388 1351 538 1411 intellexit
558 1350 724 1426 praesentis
745 1347 870 1423 periculi
885 1354 974 1421 atque
998 1347 1115 1423 inopiae
1129 1348 1271 1407 vitandae

192 1470 281 1513 cansa
302 1470 415 1512 omnem
437 1453 599 1513 orationem
614 1450 779 1512 instituisse
796 1466 891 1524 neque
912 1451 1005 1510 ullam
1027 1467 1107 1527 spem
1130 1455 1183 1510 aut
1204 1466 1271 1510 con·

191 1555 333 1614 dicionem
361 1555 444 1630 pacis
471 1555 603 1631 aliene,
633 1554 671 1613 ad
699 1554 843 1627 reliquam
872 1553 1081 1627 cogitationem
1109 1553 1181 1612 belli
1208 1569 1271 1612 sese

192 1658 311 1732 recepit
1240 1711 1242 1716 .

276 1753 331 1822 18.
345 1759 471 1818 Bibulus
485 1760 594 1818 multos
608 1759 671 1817 hies
685 1764 769 1817 terra
784 1758 952 1833 prohibitus
968 1764 999 1816 et
1013 1759 1154 1832 graviore
1168 1760 1269 1817 morbo

192 1878 229 1920 ex
250 1861 363 1934 frigore
385 1877 420 1918 ac
440 1861 542 1919 laboro
563 1861 722 1934 implicitus
739 1877 804 1919 cnm
825 1877 920 1934 neque
942 1861 1042 1919 curari
1064 1863 1162 1935 posset
1176 1876 1270 1933 neque

192 1966 357 2037 susceptum
385 1963 514 2022 officium
541 1961 677 2020 deserere
705 1962 810 2037 vellet,
839 1963 901 2023 vim
922 1961 1016 2021 morbi
1044 1963 1191 2021 sustinere
1212 1951 1271 2022 non

192 2066 297 2139 potnit.
340 2064 395 2153 Eo·
411 2070 526 2124 mortno
556 2063 594 2122 ad
615 2063 757 2123 neminem
779 2081 868 2123 unum
897 2081 1009 2154 summa
1033 2064 1151 2140 imperii
1172 2065 1270 2142 rediit,
1293 2077 1308 2127 2

192 2167 243 2226 scd
272 2167 433 2240 separatim
460 2183 543 2225 suam
570 2166 693 2239 quisque
715 2166 838 2225 classem
862 2167 900 2226 ad
931 2167 1089 2227 arbitrium
1115 2184 1199 2227 snum
1221 2167 1271 2226 ad·

192 2269 390 2328 ministrabat.
413 2267 561 2327 Vibullius
573 2267 674 2326 sedato
685 2268 823 2344 tumultu,
840 2285 925 2342 quem
940 2270 1113 2344 repentinus
1128 2269 1271 2330 adventus
1292 2271 1308 2321 3

193 2371 329 2431 Caesaris
357 2369 570 2446 concitaverat,
597 2370 649 2428 ubi
676 2370 804 2444 primum
832 2387 848 2430 e
878 2388 911 2431 re
932 2372 1029 2430 visum
1050 2378 1109 2448 est,
1139 2373 1273 2432 adhibito

192 2472 304 2532 Libone
326 2479 358 2532 et
378 2471 413 2532 L.
434 2471 560 2531 Lucceio
589 2476 620 2530 et
641 2471 835 2548 Theophane,
866 2473 1036 2547 quibuscum
1059 2475 1274 2534 communicare

193 2575 230 2632 de
251 2573 385 2632 maximis
414 2575 503 2633 rebus
524 2573 681 2647 Pompeius
710 2580 880 2649 consuerat,
909 2574 946 2634 de
967 2576 1115 2635 mandatis
1137 2574 1272 2636 Caesaris

193 2693 283 2750 agere
305 2675 446 2734 institnit
480 2674 571 2746 Quem
593 2675 759 2748 ingressum
781 2677 813 2736 in
827 2692 989 2735 sermonem
1003 2677 1161 2752 Pompeius
1181 2679 1274 2737 inter·

193 2778 321 2852 pellavit
343 2783 374 2836 et
394 2777 476 2850 loqui
497 2777 586 2851 plura
607 2777 767 2852 prohibuit,
795 2776 879 2850 ‘Quid
893 2779 982 2855 mihi’,
1005 2779 1111 2856 inquit,
1124 2778 1196 2839 “aut
1209 2781 1274 2840 vita
1295 2784 1311 2834 4

193 2887 247 2941 aut
268 2879 389 2940 civitate
411 2897 483 2954 opus
500 2886 553 2955 est,
576 2897 663 2954 quam
684 2881 825 2940 beneficio
840 2881 977 2941 Caesaris
998 2873 1108 2941 habere
1129 2882 1273 2942 videbor?

193 2984 276 3041 cuins
298 2983 343 3041 rei
365 2983 545 3056 opiniotolli
563 2999 621 3043 non
642 2984 762 3059 poterit,
786 3000 851 3042 cnm
872 2985 904 3042 in
918 2984 1044 3060 Italiam,
1068 3001 1104 3042 ex
1127 3002 1185 3059 qua
1206 3001 1272 3060 pro-

193 3084 286 3143 iectus
308 3098 379 3158 snm,
402 3083 541 3142 reductus
557 3085 748 3144 existimabor
768 3085 846 3143 bello
867 3086 1016 3160 perfecto’.
1048 3087 1095 3145 Ab
1111 3088 1149 3146 iis
1164 3086 1274 3146 Caesar
1295 3088 1310 3142 t

194 3185 267 3244 haec
288 3186 371 3244 iacta
391 3183 536 3261 cognovit,
559 3185 610 3259 qui
631 3187 758 3244 sermoni
779 3185 986 3246 interfuerunt.
1023 3187 1153 3247 Oonatns
1173 3195 1273 3247 tamen
1336 3182 1338 3186 ’

193 3288 287 3347 nihilo
308 3287 405 3347 minus
427 3293 474 3346 est
495 3288 563 3347 aliis
585 3288 751 3347 rationibus
771 3304 825 3362 per
847 3289 1002 3362 conloquia
1023 3289 1059 3348 de
1080 3307 1152 3364 pace
1174 3307 1272 3365 agere.

278 3383 337 3456 19.
359 3390 444 3449 Inter
454 3391 526 3450 bina
540 3396 641 3450 castra
651 3390 771 3464 Pompei
785 3394 873 3464 atque
884 3389 1020 3451 (laesuris
1036 3389 1149 3468 [unum]
1164 3391 1272 3452 flumen

194 3497 311 3550 tantum
332 3492 480 3552 intererat
502 3493 614 3568 Apsus,
641 3494 802 3566 crebraqn'e
828 3493 909 3552 inter
935 3510 967 3553 se
988 3495 1142 3568 conloquia
1163 3495 1273 3554 milites

193 3594 348 3669 habebant,
371 3610 466 3667 neque
488 3595 580 3655 ullum
595 3594 715 3654 interim
730 3596 822 3654 telum
844 3612 899 3670 per
919 3596 1069 3671 pactiones
1089 3598 1272 3671 loquentium

194 3695 395 3756 traicicbatnr.
418 3695 514 3755 Mittit
524 3695 558 3756 P.
568 3695 720 3756 Vatinium
733 3697 1020 3772 legatumadripem
1030 3700 1126 3772 ipsam
1136 3699 1272 3774 fluminis,
1295 3703 1309 3753 2

195 3799 245 3871 qni
266 3814 310 3872 ea,
332 3814 408 3871 qnae
429 3799 555 3857 maxime
576 3799 614 3858 ad
634 3815 735 3874 pacem
757 3797 906 3874 pertinere
920 3800 1101 3877 viderentur,
1123 3808 1228 3877 ageret
1243 3809 1274 3862 et

195 3896 321 3976 [crebro]
344 3917 453 3975 magna
474 3915 545 3961 voce
574 3901 798 3977 pronuntiaret,
828 3901 970 3961 liceretne
998 3904 1111 3963 civibus
1134 3905 1171 3963 ad
1193 3904 1273 3963 cives
