2960 4500
641 254 691 308 HJ.
710 257 818 307 til-li.
1225 250 1265 310 95

188 434 263 494 ultro
284 433 314 492 in
330 436 444 492 nostros
459 431 599 505 impetum
623 428 757 490 faciebat.
786 429 943 504 Equitatus
958 426 1096 502 Caesaris,
1118 427 1196 502 quod
1218 444 1266 486 an-

189 541 275 613 gusto
290 536 391 597 itinere
407 552 460 612 per
475 551 597 609 aggeres
613 532 794 609 ascendebat,
816 531 944 609 receptui
965 549 1018 591 suo
1033 533 1138 590 timens
1152 531 1266 591 initium

190 641 279 715 fugae
300 637 440 714 iaciebat3
465 635 597 695 dextrum
621 653 726 712 comu,
755 633 833 709 quod
855 639 917 694 erat
938 651 957 692 a
977 633 1094 692 sinistro
1116 634 1267 710 seclusum,
1288 643 1303 692 3

187 747 296 803 terrore
318 741 447 818 equitum
471 738 679 816 animadverso,
701 755 739 796 ne
753 737 829 796 intra
847 736 1035 796 munitionem
1050 735 1266 814 opprimeretur,

188 861 224 903 ea
244 847 336 922 parte,
359 860 447 918 quam
464 844 623 916 prorueret,
646 856 708 898 sese
723 838 889 919 recipiebat,
911 855 946 898 ac
965 837 1096 915 plerique
1114 855 1150 897 ex
1165 837 1208 914 iis,
1230 857 1267 898 ne

187 945 217 1004 in
247 947 397 1021 augustias
424 943 595 1018 inciderent,
625 959 661 1001 ex
689 960 713 1000 x
737 939 845 1017 pedum
874 941 1037 999 munitione
1064 957 1096 999 se
1116 939 1147 998 in
1160 969 1162 974 ·
1175 938 1267 1000 fossas

187 1047 433 1125 praecipitabant,
462 1045 619 1122 primisque
647 1045 792 1120 oppressis
814 1044 919 1118 reliqui
947 1041 1123 1118 perborum
1147 1061 1267 1120 corpora

189 1149 312 1209 salutem
334 1147 390 1208 sibi
404 1151 493 1222 atque
508 1145 615 1206 exitum
637 1145 805 1222 pariebant;
828 1144 944 1203 sinistro
961 1161 1050 1203 comu
1064 1145 1179 1221 milites,
1202 1163 1267 1204 cum
1289 1153 1303 1202 4

189 1268 226 1311 ex
247 1250 323 1310 vallo
346 1249 518 1324 Pompeium
540 1247 640 1306 adesse
662 1250 691 1306 et
712 1263 781 1305 suos
802 1244 905 1321 ingere
927 1245 1088 1320 cernerent,
1110 1245 1208 1322 veriti,
1230 1264 1267 1305 ne

193 1351 335 1427 angustiis
356 1348 626 1426 intercluderentur,
648 1365 714 1408 cnm
736 1352 818 1407 extra
839 1351 869 1408 et
888 1346 967 1407 intrrs
988 1347 1099 1408 bostem
1119 1345 1267 1424 haberent,

188 1454 306 1530 eodem,
337 1470 395 1528 quo
428 1454 583 1526 venerant,
616 1449 717 1510 itinere
750 1454 866 1527 receptu
899 1449 944 1509 usi
974 1448 1029 1510 sibi
1065 1450 1265 1510 consulebant:

189 1555 344 1631 omniaque
358 1558 440 1614 erant
459 1553 608 1623 tumultus,
622 1554 742 1628 timoris,
757 1550 847 1628 fugae
860 1552 955 1629 plena,
976 1551 1049 1612 adeo
1064 1557 1105 1628 ut,
1127 1571 1192 1614 oum
1214 1595 1222 1614 .
1238 1596 1245 1611 .
1261 1596 1267 1611 .

179 1657 295 1718 Caesar
316 1659 402 1734 signa
425 1655 602 1733 fugientium
624 1673 713 1715 manu
742 1655 895 1729 prenderet
923 1661 953 1716 et
974 1655 1127 1715 consistere
1147 1656 1268 1732 iuberet,

195 1760 244 1818 alii
272 1759 397 1818 dimissis
426 1759 509 1833 cquis
536 1757 659 1817 eundem
683 1775 797 1816 cursum
820 1754 1008 1834 conficerent,
1036 1757 1084 1815 alii
1106 1755 1165 1832 [ex]
1188 1761 1267 1817 motu

190 1862 278 1921 etiam
301 1860 385 1936 sigua
406 1858 582 1918 dimitterent
602 1875 699 1933 neque
720 1859 874 1933 quisquam
896 1858 1013 1919 omnino
1036 1858 1218 1924 consisteret,

276 1956 330 2025 70.
353 1961 407 2020 His
429 1961 516 2020 tantis
530 1959 612 2018 malis
633 1959 706 2019 haec
719 1959 850 2019 subsidia
863 1960 1076 2037 succurrebant,
1098 1962 1268 2035 quominus

190 2063 284 2123 omnis
300 2063 443 2122 deleretur
457 2061 607 2137 exercitus,
629 2060 708 2136 quod
723 2061 880 2136 Pompeius
901 2061 1020 2120 insidias
1040 2062 1151 2138 timens,
1174 2062 1267 2135 credo,

179 2164 270 2240 ¹quod
297 2162 370 2223 hacc
397 2167 511 2240 praeter
543 2181 624 2239 spem
654 2161 816 2222 acciderant
844 2163 919 2232 eius,
946 2164 997 2238 qui
1025 2164 1112 2239 paulo
1141 2168 1209 2222 ante
1231 2181 1267 2223 ex

191 2267 289 2328 castris
310 2265 456 2342 fugientes
478 2283 546 2325 suos
569 2270 771 2342 conspexerat,
800 2265 1011 2326 munitionibus
1036 2266 1268 2344 adpropinquare

191 2369 369 2445 aliquamdiu
390 2386 450 2429 non
472 2367 614 2438 audebat,
636 2367 806 2443 equitesque
827 2367 888 2427 eius
910 2370 1053 2443 angustiis
1074 2374 1162 2444 atque
1184 2368 1229 2428 his
1250 2386 1269 2426 a

192 2470 323 2531 Caesaris
345 2470 486 2531 militibus
508 2469 656 2545 occupatis
678 2470 717 2528 ad
741 2470 953 2544 insequendum
983 2470 1181 2530 tardabantur.
1224 2471 1304 2530 Itan

191 2590 299 2647 parvae
320 2589 366 2631 res
387 2589 528 2646 magnum
543 2572 574 2628 in
588 2575 873 2646 utramquepartem
895 2576 1074 2631 momentum
1096 2572 1269 2632 habuerunt.

191 2672 366 2732 Munitioues
384 2671 460 2730 enim
482 2689 501 2730 a
523 2672 624 2730 castris
646 2672 683 2730 ad
705 2670 816 2731 flumen
837 2673 994 2749 perductae
1015 2669 1189 2750 expugnatis
1210 2673 1268 2732 iam

192 2775 293 2834 castris
315 2773 436 2850 Pompei
464 2791 556 2848 prope
577 2775 636 2832 iam
659 2775 838 2851 exploratam
861 2774 994 2834 Caesaris
1015 2775 1164 2835 victoriam
1185 2775 1269 2836 inter·
1357 2814 1360 2820 -

191 2877 386 2954 pellaverunt,
415 2875 515 2936 eadem
537 2893 583 2935 res
611 2877 756 2937 celeritate
783 2879 999 2953 insequentium
1026 2878 1141 2938 tardata
1162 2883 1268 2941 nostris

193 2978 315 3037 salutem
337 2977 441 3036 attulit.
795 3033 797 3038 .

278 3071 334 3140 71.
357 3078 482 3138 Duobus
497 3078 541 3137 bis
556 3079 643 3138 unius
657 3079 713 3138 diei
727 3080 842 3156 proeliis
855 3080 961 3141 Caesar
975 3082 1150 3144 desideravit
1163 3084 1269 3144 milites

192 3197 322 3240 nocconx
336 3184 366 3240 ct
379 3180 491 3256 equites
506 3198 549 3256 oc,
571 3179 601 3238 in
615 3180 661 3240 his
673 3182 706 3242 Τ.
718 3182 893 3241 Tuticanum
910 3182 1035 3260 Gallum,
1058 3185 1197 3245 senatoris
1212 3185 1268 3245 fili-

193 3301 251 3360 um,
266 3287 351 3343 notos
373 3284 486 3360 equites
502 3283 648 3342 Romanos
660 3281 692 3342 0.
706 3283 887 3359 Fleginatem
899 3285 1059 3360 Placentia,
1081 3289 1116 3345 A.
1129 3286 1268 3347 Granium

193 3386 336 3463 Puteolis,
370 3385 409 3445 lt
443 3385 649 3446 Sacrativirum
672 3385 788 3464 Capua,
821 3387 953 3447 tribunos
981 3388 1103 3448 militum
1128 3433 1135 3448 .
1157 3433 1173 3466 .,
1206 3408 1268 3450 cen-

194 3487 322 3546 turiones
355 3505 456 3564 xxxn3
491 3486 543 3547 sed
575 3487 678 3547 borum
711 3489 840 3547 omnium
875 3507 943 3564 pars
975 3507 1083 3566 magna
1117 3490 1147 3550 in
1183 3489 1306 3551 fossis2

195 3588 467 3662 munitionibusque
496 3586 680 3650 etfluminis
709 3587 779 3665 ripis
801 3607 940 3666 oppressa
967 3609 1084 3651 suorum
1107 3592 1136 3650 in
1163 3597 1283 3653 terrore·

194 3706 229 3748 ac
260 3688 333 3765 iuga
365 3688 428 3748 sine
461 3689 521 3748 ullo
554 3690 674 3749 vulnere
706 3689 829 3768 interiit3
866 3691 1008 3768 signaque
1040 3699 1109 3753 sunt
1136 3693 1270 3754 militaria

196 3789 303 3848 amissa
316 3808 409 3849 xxxrr.
435 3789 592 3865 Pompeius
607 3809 641 3850 eo
656 3791 764 3866 proelio
778 3791 935 3868 imperator
948 3798 993 3853 est
1006 3794 1177 3870 appellatus.
1205 3796 1271 3855 Hoc
1291 3806 1305 3854 a

195 3906 300 3950 nomen
327 3889 451 3951 obtinuit
478 3895 566 3966 atque
592 3891 633 3952 ita
663 3909 695 3951 se
721 3899 824 3969 postea
853 3895 971 3980 salutari
999 3914 1103 3972 passus
1125 3902 1183 3974 est,
1218 3899 1285 3957 sed'.
