2964 4506
260 237 303 295 84
622 235 672 292 DE
691 235 810 292 BELLO
828 237 942 292 OIVILI
1203 225 1206 232 ’

260 413 342 471 cuitu
364 412 516 486 amplexus
537 412 592 471 hoc
614 412 711 487 spatio
735 413 948 488 pabulabatur;
971 415 1122 497 multaque
1150 422 1239 475 erant
1260 417 1346 478 intra

222 525 237 574 4
259 531 324 573 eum
346 515 442 573 losum
463 530 551 573 manu
566 520 640 590 sata
663 515 769 588 quibus
783 515 904 574 interim
918 516 1050 575 iumenta
1068 524 1213 591 pasceret.
1243 519 1344 594 Atque

178 642 182 648 ²
258 622 293 675 ut
314 616 410 675 nostri
430 622 575 692 perpetua
589 615 753 675 munitione
765 617 961 692 providebant
984 615 1139 694 [perducta
1154 636 1191 678 ex
1207 621 1340 680 castellis

257 719 289 777 in
315 718 452 793 proxima
479 715 626 795 castella],
655 734 693 779 ne
721 734 777 792 qno
805 720 867 778 loco
896 724 1083 796 erumperent
1104 720 1278 796 Pompeiani
1306 739 1343 782 ac

257 827 373 880 nostros
387 826 455 896 post
465 827 584 894 tergum
595 821 789 897 adorirentur,
801 821 847 881 ita
857 822 905 881 illi
915 821 1058 881 interiore
1069 824 1166 897 spatio
1178 830 1340 898 perpetuas

256 923 434 983 munitiones
450 923 626 999 efficiebant,
648 940 686 982 ue
704 941 790 997 quem
803 924 898 983 locum
914 925 1009 984 nostri
1024 925 1138 985 intrare
1154 931 1243 1000 atque
1259 927 1340 1001 ipsos

222 1031 237 1080 t
257 1032 378 1100 atergo
393 1027 605 1086 circumvenire
619 1032 749 1101 possent
787 1025 844 1086 Sed
858 1027 905 1085 illi
920 1028 1057 1102 operibus
1072 1029 1239 1104 vincebant,
1262 1029 1339 1103 qnod

256 1135 288 1188 et
308 1145 430 1188 nomem
458 1129 586 1188 militum
614 1130 809 1204 praestabant
837 1135 869 1188 et
895 1129 1041 1189 interiora
1067 1131 1168 1204 spatia
1196 1131 1339 1190 minorem

255 1233 410 1292 circuitum
438 1232 601 1307 habebant,
630 1247 718 1305 quam
746 1247 821 1305 quae
843 1237 930 1290 erant
955 1233 1020 1291 loca
1042 1231 1164 1292 Caesari
1186 1234 1339 1308 capienda.

218 1334 347 1406 cQuem
377 1335 434 1394 etsi
461 1334 618 1409 prohibere
644 1333 800 1408 Pompeius
831 1335 900 1394 totis
929 1334 1020 1408 copiis
1049 1340 1080 1393 et
1111 1334 1252 1395 dimicare
1278 1352 1338 1395 non

254 1436 458 1513 constituerat,
482 1442 582 1496 tamen
597 1437 659 1496 suis
672 1436 746 1496 locis
760 1437 935 1511 sagittarios
953 1436 1174 1511 funditoresque
1188 1437 1336 1514 mittebat,

255 1555 378 1612 quorum
399 1554 538 1613 magnum
560 1538 688 1598 habebat
708 1554 869 1613 numerum,
884 1538 1028 1612 multique
1050 1555 1087 1598 ex
1107 1540 1217 1599 nostris
1232 1540 1335 1600 vulne·

218 1645 232 1694 7
254 1642 408 1713 rabuntur,
430 1657 612 1715 magnusque
634 1641 798 1701 incesserat
818 1641 907 1700 timor
922 1641 1109 1717 sagittarum,
1133 1648 1222 1715 atque
1236 1657 1336 1702 omues

253 1742 317 1802 iere
345 1742 455 1802 milites
483 1749 537 1801 aut
565 1759 602 1800 ex
630 1741 740 1802 mactis
769 1747 823 1801 aut
850 1758 887 1802 ex
914 1743 1085 1803 centonibus
1112 1747 1163 1804 aut
1188 1760 1225 1803 ex
1248 1743 1337 1802 coriis

252 1845 371 1904 tunicas
394 1850 446 1904 aut
468 1845 631 1918 tegimenta
652 1845 795 1920 fecerant,
818 1845 924 1918 quibus
945 1845 1008 1904 tela
1028 1846 1170 1906 vitarent.

336 1941 392 2012 45.
414 1947 451 2007 In
472 1946 648 2022 occupandis
669 1947 826 2022 praesidiis
848 1964 957 2022 magna
977 1949 1008 2007 vi
1023 1952 1149 2020 uterque
1163 1948 1334 2008 nitebatur:

251 2048 369 2125 Caesar,
392 2053 425 2109 ut
446 2066 534 2123 quam
552 2050 765 2124 <angustissime
780 2049 949 2123 Pompeium
971 2049 1141 2123 contineret,
1163 2048 1329 2125 Pompeius,
1446 2101 1457 2128 ,

252 2156 287 2209 ut
312 2167 398 2224 quam
420 2150 563 2226 plurimos
578 2152 666 2211 colles
689 2168 776 2225 quam
797 2152 924 2210 maximo
946 2151 1071 2210 circuitu
1086 2156 1251 2225 occuparet,
1273 2166 1336 2209 cre·

216 2259 231 2309 2
254 2252 368 2326 braque
383 2253 419 2311 ob
437 2269 501 2310 eam
516 2269 635 2314 causam
648 2254 764 2327 proelia
777 2254 896 2312 fiebant.
919 2253 955 2311 In
969 2253 1017 2312 his
1032 2269 1096 2311 cum
1111 2253 1189 2326 legio
1201 2251 1338 2311 Caesaris

253 2370 331 2414 nona
361 2353 541 2428 praesidium
574 2353 718 2428 quoddam
745 2354 948 2428 occupavisset
976 2359 1007 2414 et
1039 2354 1153 2413 munire
1186 2353 1337 2429 coepisset,

256 2456 326 2517 huic
347 2457 410 2515 loco
432 2455 628 2532 propinquum
650 2462 682 2515 et
696 2457 878 2516 contramum
893 2455 996 2514 collem
1010 2456 1168 2530 Pompeius
1182 2455 1338 2528 occupavit

217 2565 232 2615 3
254 2564 429 2633 nostrosque
451 2574 539 2634 opere
561 2560 719 2634 prohibere
734 2559 831 2632 coepit
853 2563 895 2634 et,
918 2575 983 2617 cum
1005 2575 1065 2618 una
1080 2574 1116 2616 ex
1137 2563 1225 2632 parte
1246 2572 1338 2630 prope

257 2678 381 2736 aequum
410 2661 523 2721 aditum
551 2662 690 2736 haberet,
723 2662 850 2735 primum
878 2661 1048 2734 sagittariis
1080 2659 1338 2733 funditoribusque
1467 2719 1468 2726 ,

257 2765 467 2838 circumiectis,
489 2769 594 2837 postea
615 2764 691 2822 levis
713 2768 883 2822 armaturae
905 2777 1015 2832 magna
1035 2760 1226 2820 multitudine
1248 2762 1339 2820 missa
1467 2751 1468 2828 i

258 2865 471 2936 tormentisque
492 2863 619 2936 prolatis
641 2862 818 2920 munitiones
832 2860 1023 2934 impediebat;
1045 2875 1140 2932 neque
1161 2865 1228 2919 erat
1249 2862 1339 2921 facile

215 2974 231 3023 4
253 2965 363 3024 uostris
386 2981 444 3023 uno
466 2969 597 3038 tempore
618 2979 809 3038 propugnare
831 2967 863 3021 et
883 2961 1006 3022 munire.
1043 2960 1160 3038 Caesar,
1181 2978 1248 3022 cum
1269 2980 1338 3023 suos

254 3084 291 3126 ex
315 3066 447 3126 omnibus
469 3066 606 3141 partibus
636 3065 790 3125 vulnerari
818 3065 949 3140 videret,
981 3065 1112 3139 recipere
1139 3081 1171 3124 se
1197 3065 1285 3125 iussit
1306 3071 1338 3124 et

221 3178 234 3226 t
257 3169 320 3228 loco
344 3167 494 3228 excedere.
526 3168 604 3228 Erat
618 3185 672 3243 per
687 3167 801 3228 declive
815 3172 960 3242 receptus.
993 3166 1045 3225 Illi
1059 3170 1156 3226 autem
1170 3167 1225 3226 hoc
1240 3168 1337 3227 acrius

258 3271 412 3330 instabant
444 3287 538 3344 neque
570 3270 690 3344 regredi
725 3274 842 3328 nostros
877 3268 1083 3344 patiebantur,
1121 3268 1197 3342 quod
1232 3270 1337 3328 timore

215 3381 230 3430 6
258 3373 378 3432 adducti
414 3373 509 3432 locum
546 3371 714 3445 relinquere
750 3371 939 3431 videbantur.
981 3369 1102 3431 Dicitur
1137 3387 1171 3430 eo
1206 3376 1338 3445 tempore

255 3473 389 3548 glorians
418 3473 496 3547 apud
525 3489 592 3532 suos
615 3472 770 3546 Pompeius
792 3472 915 3532 dixism:
945 3486 1004 3532 non
1031 3488 1169 3532 recusare
1191 3488 1236 3547 se,
1266 3471 1337 3546 quin

254 3575 367 3636 nullius
382 3591 453 3634 usus
467 3575 630 3649 imperator
646 3575 875 3651 existimaretur,
899 3575 925 3634 si
940 3575 1003 3634 sine
1017 3575 1143 3634 maximo
1159 3573 1336 3632 detrimento

252 3679 332 3752 legio
356 3677 492 3737 Caesaris
514 3693 578 3737 sese
594 3677 757 3753 recepisset
777 3678 854 3754 inde,
877 3693 934 3750 quo
954 3682 1065 3736 temere
1080 3681 1158 3735 esset
1170 3691 1338 3749 progressa.

335 3774 389 3844 46.
412 3779 522 3840 Caesar
549 3780 683 3855 receptui
713 3797 832 3840 suorum
862 3781 969 3838 timeus
991 3777 1148 3838 cratesad
1170 3782 1334 3836 extremum

249 3884 395 3943 tumulum
417 3889 521 3943 contra
541 3883 655 3944 hostem
676 3883 811 3958 proferri
833 3887 864 3940 et
886 3882 1028 3941 adversas
1049 3881 1156 3954 locari,
1179 3878 1337 3938 intrabas
