2960 4500
641 271 676 324 11.
695 275 770 324 5-9.
1201 271 1243 329 43

165 444 383 506 Massiliensium
406 447 495 507 classe
509 465 529 504 v
542 451 611 506 sunt
628 443 788 523 depressae,
808 465 854 504 1111
875 450 985 523 oaptae,
1006 464 1066 505 una
1081 463 1145 506 eum
1161 446 1245 506 Nasi-

165 547 258 606 dianis
284 547 430 626 profugit3
460 565 536 624 quae
562 566 661 608 ornnes
683 548 840 608 citeriorem
869 547 1039 624 Hispaniam
1068 547 1243 623 petiverunt.

165 648 262 708 Atax
284 649 400 726 reliquis
422 667 482 710 una
503 651 660 727 praemissa
681 650 835 709 Massiliam
861 649 946 709 huius
967 649 1060 708 nuntii
1081 647 1244 726 perferendi
1266 659 1281 706 3

166 750 261 826 gratia
282 770 347 812 oum
368 752 426 812 iem
456 752 700 829 adpropinquaret
722 751 801 828 urbi,
827 751 920 812 omnis
946 769 1009 812 sese
1030 751 1184 812 multitudo
1208 753 1245 812 ad

168 854 400 928 oognoseeudum
428 853 546 931 effudit,
574 858 655 914 stre
677 853 793 929 eognita
814 858 912 914 tantus
939 854 1033 914 luotus
1055 853 1182 930 excepit,
1212 859 1246 914 ut

166 954 237 1014 urbs
259 956 297 1014 ab
319 955 449 1016 hostibus
471 960 556 1032 eapte
584 955 684 1016 eodem
708 955 828 1032 vestigio
856 955 1011 1016 videretur.
1055 955 1246 1015 Massilienses
1268 965 1282 1014 4

166 1059 264 1115 tamen
297 1056 384 1118 nihilo
417 1059 506 1118 setius
530 1057 576 1116 ed
608 1055 804 1118 defensionem
841 1057 921 1117 urbis
956 1057 1068 1133 rquua
1103 1075 1246 1133 apparare

164 1163 331 1234 eoeperunt

249 1255 282 1323 8.
306 1261 358 1321 Fst
379 1261 612 1322 animadversum
634 1262 671 1321 ab
695 1260 873 1338 legionariis,
901 1259 951 1335 qui
979 1259 1109 1319 dextram
1131 1265 1244 1335 partem

168 1360 264 1436 operis
286 1361 540 1441 administrabant,
569 1381 606 1424 ex
636 1363 742 1424 enebris
770 1361 895 1422 hostium
917 1361 1115 1438 eruptionibus
1136 1379 1245 1438 magno
1346 1370 1349 1374 ’

166 1461 223 1522 sibi
244 1481 306 1524 esse
326 1465 469 1541 praesidio
496 1484 595 1543 posse,
621 1465 719 1540 sipro
742 1465 858 1526 eastello
887 1481 922 1524 ae
942 1464 1122 1541 receptaculo
1144 1463 1246 1523 turrim

164 1581 202 1624 ex
224 1564 312 1625 latere
333 1568 388 1628 sub
403 1587 486 1628 muro
508 1566 650 1628 feeissent.
687 1566 782 1641 Quam
804 1567 898 1643 primo
914 1565 952 1625 ad
965 1566 1130 1642 repentinos
1152 1568 1245 1626 ineur-

164 1684 215 1726 sus
236 1669 375 1730 humilem
397 1688 576 1748 parvamque
597 1669 736 1731 feserunt.
782 1669 849 1730 Huo
869 1687 901 1728 se
922 1667 1101 1745 referebant,
1125 1668 1199 1740 hino,
1221 1668 1246 1728 si
1266 1679 1281 1728 2

164 1787 226 1845 qua
245 1771 336 1831 maior
358 1777 539 1848 oppresserat
560 1771 617 1848 vis,
638 1771 877 1849 propugnabant,
901 1769 968 1830 hine
989 1770 1026 1829 ad
1048 1770 1245 1847 repellendum

165 1875 195 1930 et
219 1872 453 1949 prosequendum
481 1871 592 1933 hostem
620 1872 837 1949 proeurrebant
881 1873 1003 1932 Patebat
1028 1870 1100 1932 haee
1126 1890 1245 1948 quoque

164 1991 264 2033 versus
286 1974 374 2051 pedes
388 1995 457 2052 xxx,
478 1975 530 2034 sed
549 1974 691 2051 parietum
707 1975 866 2034 crassitudo
887 1973 975 2050 pedes
990 1992 1018 2032 v.
1047 1973 1152 2034 Postea
1167 1991 1245 2048 vero,
1267 1985 1282 2034 3

166 2079 199 2134 ut
220 2081 263 2136 est
284 2095 380 2136 rerum
403 2077 531 2137 omnium
547 2076 684 2153 magister
705 2094 775 2135 usus
796 2075 945 2136 hominum
961 2074 1089 2135 adhibita
1109 2075 1244 2152 sollertia,

165 2175 314 2237 inventum
337 2183 381 2238 est
402 2196 508 2254 magno
524 2196 586 2237 esse
600 2178 666 2237 usui
686 2195 780 2255 posse,
802 2177 826 2236 si
844 2176 915 2237 haee
929 2181 1003 2236 esset
1017 2177 1046 2234 in
1062 2176 1242 2237 altitudinem

164 2279 250 2338 turris
272 2280 356 2340 elata.
399 2280 434 2339 ld
456 2279 511 2340 heo
531 2280 643 2340 ratione
664 2278 824 2357 perfeetum
847 2283 898 2339 est.

251 2376 283 2442 9.
306 2382 364 2443 Ubi
378 2383 464 2443 turris
478 2383 599 2443 altitudo
614 2383 754 2460 perduota
768 2387 812 2442 est
826 2381 863 2440 ad
883 2381 1153 2452 oontabulationem,
1176 2399 1239 2442 earn

164 2484 196 2542 in
218 2487 342 2560 parietes
356 2485 554 2546 instruxerunt
568 2487 619 2561 ita,
639 2490 672 2545 ut
687 2485 782 2562 oepita
796 2485 942 2560 tignorum
957 2488 1085 2544 extrema
1098 2484 1242 2561 parietum

164 2589 310 2646 struetura
330 2592 503 2665 tegerentur,
525 2605 563 2646 ne
584 2587 654 2663 quid
668 2587 814 2664 emineret,
836 2586 887 2646 ubi
903 2585 977 2662 ignis
999 2586 1124 2647 hostium
1139 2586 1243 2646 adhae-

166 2692 296 2747 resceret.
334 2689 419 2749 Hane
439 2707 528 2767 snper
550 2689 793 2764 eonh'gnationem
816 2693 956 2764 quantum
972 2693 1079 2749 tentum
1094 2689 1185 2765 plutei
1206 2707 1242 2748 ae
1264 2698 1278 2748 2

166 2789 314 2850 vinearum
336 2809 454 2868 passum
478 2796 521 2851 est
548 2792 684 2851 latereulo
715 2790 919 2850 adstruxerunt
947 2808 1093 2866 supraque
1115 2808 1181 2850 eum
1203 2791 1244 2850 lo·

165 2907 232 2950 enm
254 2910 277 2950 11
298 2892 379 2969 tigna
393 2898 556 2953 transversa
576 2892 735 2952 iniecerunt
756 2910 815 2952 non
836 2893 924 2968 longe
942 2892 980 2952 ab
995 2891 1130 2953 extremis
1152 2892 1244 2968 parie-

166 2993 253 3074 tibus,
275 2996 380 3069 quibus
401 2996 609 3073 suspenderent
630 3013 692 3056 earn
710 2995 962 3073 eontignationem,
984 3013 1060 3070 quae
1081 2996 1153 3055 turn'
1174 2995 1244 3072 tegi-

165 3099 263 3154 mento
279 3102 353 3156 esset
365 3095 478 3166 futura,
499 3115 646 3172 supraque
660 3115 695 3156 ea
717 3097 798 3172 tigna
820 3096 933 3157 der-eote
948 3101 1124 3157 transversas
1146 3098 1243 3157 trabes

163 3195 324 3260 inieeerunt
338 3217 445 3274 easque
459 3199 563 3259 axibus
578 3198 772 3275 religaverunt
792 3197 856 3276 (has
870 3199 966 3258 trabes
988 3199 1077 3273 paulo
1098 3200 1244 3276 longiores
1264 3211 1280 3260 3

169 3306 256 3378 atque
278 3302 490 3379 eminentiores,
513 3319 600 3378 quam
623 3300 742 3361 extremi
763 3300 887 3378 parietes
909 3305 999 3377 erant,
1021 3299 1188 3377 effecerunt,
1211 3307 1244 3362 ut

165 3410 255 3481 esset,
282 3405 333 3465 ubi
354 3405 512 3481 tegimenta
532 3404 727 3482 praependere
755 3408 874 3481 possent
895 3404 932 3463 ad
954 3401 1149 3463 defendendos
1170 3403 1244 3464 ietus

165 3525 202 3566 ao
223 3508 411 3587 repellendos,
433 3527 498 3568 oum
520 3505 596 3566 infra
617 3525 681 3566 eam
705 3507 950 3583 eontignationem
972 3507 1095 3583 parietes
1117 3512 1243 3567 exstrue

166 3609 275 3683 rentur)
292 3627 414 3685 eamque
435 3610 697 3670 contabulationem
712 3627 855 3669 summam
876 3609 1014 3669 lateribus
1036 3610 1155 3684 lutoque
1177 3627 1243 3669 eou-

163 3716 345 3789 straverunt,
372 3730 410 3772 ne
437 3713 509 3788 quid
535 3711 611 3788 ignis
632 3710 758 3771 hostiurn
780 3729 884 3771 noeere
911 3715 1021 3788 posset,
1049 3716 1242 3786 oeutonesque

164 3814 283 3892 insuper
310 3814 483 3884 inieeerunt,
513 3832 550 3874 ue
579 3818 629 3874 aut
655 3815 712 3874 tela
744 3814 893 3873 tormentis
919 3812 1006 3872 missa
1034 3813 1241 3874 tabulationem

165 3914 375 3993 perfringerent
411 3921 461 3977 aut
493 3934 565 3976 saxa
600 3934 637 3976 ex
679 3915 831 3992 catapultis
863 3915 1021 3976 lateritium
1058 3915 1241 3975 disenterent
