2964 4506
609 299 631 353 Ι.
651 303 759 354 36-41.
1187 301 1226 358 19

153 473 288 533 omnibus
308 473 503 551 superioribus
525 474 605 534 bellis
626 475 776 554 habuerat,
798 482 828 538 et
847 496 947 555 parem
963 497 999 537 ex
1015 477 1110 539 Galba
1130 496 1231 538 nume·

151 595 232 654 rum,
259 594 346 652 quam
369 577 432 653 ipse
453 582 620 657 pacaverat,
648 581 818 640 nominatim
840 599 877 640 ax
906 582 1041 640 omnibus
1064 581 1230 642 civitatibus

152 678 328 739 nobilissimo
356 684 385 739 et
414 677 569 739 fortissimo
599 699 716 757 quoque
744 687 879 760 evocato,
901 727 909 742 .
931 726 939 742 .
962 727 969 742 .
991 682 1092 760 optimi
1119 683 1232 759 generis

151 781 299 841 hominum
330 799 366 842 ex
395 783 548 857 Aquitanis
573 784 790 862 montanisque,
823 785 872 860 qui
901 784 1024 846 Galliam
1052 785 1230 861 provinciam

152 886 309 960 attingunt.
322 928 330 943 .
342 928 349 943 .
361 928 368 943 .
384 884 525 945 Audierat
531 885 701 961 Pompeium
713 904 765 963 per
770 887 979 947 Mauretaniam
991 905 1056 948 eum
1068 887 1230 964 legionibus
1252 896 1267 945 3

151 985 209 1046 iter
231 988 262 1046 in
277 987 451 1064 Hispaniam
473 986 569 1047 faeere
590 987 799 1064 confestimque
817 1006 879 1050 esse
899 994 1063 1050 venturum.
1102 989 1192 1050 Simul
1214 1007 1233 1049 a

151 1089 275 1150 tribunis
288 1089 410 1150 militum
427 1090 701 1166 oanturionibusque
722 1097 839 1152 mutuas
860 1092 997 1169 pecunias
1018 1091 1230 1178 sumpsitqhas

151 1191 287 1252 exercitui
309 1192 466 1254 distribuit.
511 1192 576 1266 Quo
603 1192 681 1254 facto
704 1194 777 1254 duas
804 1212 849 1254 res
871 1199 1041 1255 oonseoutus
1069 1199 1123 1269 est,
1149 1194 1229 1269 quod
1251 1205 1265 1254 4

150 1294 272 1371 pignore
292 1295 404 1354 animos
426 1295 625 1356 centurionum
654 1296 784 1357 devinxit
805 1302 834 1356 et
861 1297 1014 1373 largitione
1036 1295 1158 1356 militnm
1180 1314 1230 1355 vo·

150 1394 276 1456 luntates
297 1396 428 1457 redemit.

235 1490 290 1562 40.
312 1498 420 1558 Fabius
442 1497 632 1559 finitimarum
649 1499 796 1560 civitatum
812 1502 925 1560 animos
946 1498 1047 1560 litteris
1062 1498 1229 1574 nuntiisque

26 1635 29 1644 ·
151 1601 320 1674 temptabat
363 1600 398 1659 In
428 1601 518 1661 Sioori
545 1600 666 1662 flumine
693 1608 797 1678 pontes
826 1601 963 1663 effeoerat
991 1601 1063 1661 duos
1090 1601 1226 1661 distantes

150 1700 224 1762 iuter
244 1721 276 1763 se
297 1703 375 1763 milia
395 1709 534 1780 passuum
556 1722 609 1763 nn.
652 1705 707 1764 His
728 1705 866 1794 pontibus
891 1704 1062 1782 pabulatum
1085 1703 1231 1796 mittebat,

151 1807 230 1882 quod
258 1824 304 1882 ea,
333 1823 408 1881 quae
430 1806 501 1866 eitra
521 1805 631 1866 flumen
659 1806 788 1883 fuerant,
818 1808 1016 1884 superioribus
1038 1807 1140 1868 diebus
1161 1825 1226 1868 oon-

150 1913 322 1986 sumpserat.
365 1909 431 1968 Hoo
458 1907 536 1967 idem
565 1907 627 1968 iero
653 1914 741 1985 atque
763 1910 864 1970 eadem
891 1910 928 1970 de
952 1927 1039 1970 eausa
1060 1910 1231 1986 Pompeiani
1252 1918 1266 1968 2

152 2010 295 2071 exereitus
309 2010 396 2071 duoes
418 2008 572 2086 iaciebant,
594 2012 751 2086 crebroque
772 2013 847 2072 inter
867 2029 899 2073 se
913 2011 1092 2087 equestribus
1114 2011 1231 2086 proeliis

151 2112 376 2172 oontendebant.
413 2113 481 2172 Huo
503 2130 568 2172 oum
590 2113 736 2173 ootidiana
757 2112 965 2174 eonsuetudine
987 2131 1119 2190 egressae
1140 2115 1230 2191 pabu-
1251 2124 1266 2173 3

153 2215 295 2276 latoribus
308 2214 452 2292 praesidio
474 2215 610 2293 propiore
622 2221 712 2293 ponte
730 2216 857 2292 legiones
872 2215 1018 2277 Fabianae
1033 2216 1108 2277 duae
1122 2215 1233 2278 flumen

154 2317 322 2379 transissent
342 2317 605 2396 impedimentaque
619 2323 648 2378 et
663 2319 755 2379 omnis
770 2319 914 2395 equitatus
936 2324 1115 2396 sequeretur,
1136 2319 1232 2380 subito

151 2422 182 2479 vi
205 2425 357 2480 ventorum
372 2425 401 2481 et
415 2439 510 2498 aquae
524 2421 722 2498 magnitudine
736 2440 811 2500 pons
825 2427 868 2482 est
881 2422 1058 2500 interruptus
1073 2427 1103 2482 et
1123 2422 1233 2498 reliqua

150 2522 305 2582 multitudo
328 2523 459 2598 equitum
482 2523 644 2583 interclusa.
674 2523 739 2596 Quo
762 2525 877 2600 oognito
900 2525 1045 2584 aPetreio
1069 2529 1098 2584 et
1111 2523 1232 2584 Afranio
1252 2537 1268 2586 4

151 2643 188 2684 ex
210 2642 317 2700 aggere
332 2629 420 2699 atque
435 2624 570 2701 arabibus,
594 2642 669 2699 quae
690 2623 814 2684 flumine
828 2623 1004 2703 ferebantur,
1027 2626 1155 2686 eeleriter
1176 2643 1229 2686 suo

150 2730 239 2804 ponto
264 2726 414 2804 Afranius,
441 2744 527 2802 quem
554 2726 663 2803 oppido
696 2727 852 2802 castrisque
884 2727 1068 2788 ooninnotum
1096 2727 1230 2805 babebat,

149 2829 278 2905 legiones
299 2847 344 2887 nn
373 2828 592 2905 equitatumque
619 2847 736 2889 omnem
763 2829 874 2890 traiecit
901 2829 1073 2905 duabusque
1094 2829 1230 2890 Fabianis

151 2931 273 2991 ooourrit
293 2931 464 3007 legionibus.
497 2931 585 2992 Cuius
607 2932 734 2992 adventu
756 2932 889 2992 nuntiato
913 2931 948 2993 L.
964 2932 1097 3010 Plancus,
1119 2933 1171 3009 qui
1192 2932 1230 2992 le
1253 2944 1268 2992 5

154 3033 289 3108 gionibus
309 3039 454 3110 praeerat,
475 3033 635 3094 neeessaria
656 3052 687 3094 re
702 3040 818 3094 ooaotns
839 3035 934 3095 looum
957 3034 1033 3112 oapit
1053 3035 1230 3113 superiorem

154 3135 357 3210 diversamque
379 3135 468 3194 aoiem
485 3135 514 3194 in
536 3135 609 3194 duas
630 3140 727 3211 partes
742 3136 896 3210 eonstituit,
917 3155 954 3196 ne
968 3137 1007 3198 ab
1029 3138 1158 3212 equitatu
1181 3137 1230 3198 oir-

154 3236 311 3298 oumvenin'
333 3242 440 3315 posset.
472 3236 519 3297 Ita
534 3255 704 3314 congressus
718 3237 820 3314 impari
834 3255 955 3297 numero
970 3255 1092 3314 magnos
1106 3240 1232 3315 impetus
1252 3251 1267 3302 6

151 3339 297 3416 legionum
321 3339 525 3417 equitatusque
546 3342 677 3401 sustinet.
710 3340 871 3401 Commisso
893 3342 931 3401 ab
954 3339 1101 3415 equitibus
1122 3340 1265 3417 proelior

152 3444 237 3518 signa
258 3443 407 3519 legionum
431 3444 553 3504 duarum
574 3446 676 3520 prooul
698 3444 735 3503 ab
757 3445 888 3520 ubisque
910 3443 1135 3521 oonspioiuntur‚
1157 3461 1230 3518 quas

152 3544 182 3606 0.
198 3545 307 3605 Fabius
329 3545 464 3606 ulteriore
482 3551 571 3623 ponte
585 3546 714 3607 subsidio
729 3546 833 3606 nostris
848 3545 964 3606 miserat
985 3548 1147 3623 suspicatus
1167 3544 1230 3607 iore

149 3647 188 3726 id,
211 3647 289 3723 quod
312 3647 431 3724 aooidit,
453 3653 486 3709 ut
508 3649 594 3708 duoes
616 3649 847 3708 adversariorum
869 3647 1019 3709 oooasione
1040 3654 1069 3709 et
1089 3647 1230 3709 benefroio

150 3749 284 3810 fortunae
309 3750 482 3811 adnostros
510 3750 714 3828 opprimendos
742 3755 898 3811 uterentur.
944 3750 1074 3824 Quarum
1102 3752 1229 3813 adventu

149 3853 291 3929 proelium
313 3853 456 3913 dirimitur
470 3871 504 3914 ao
525 3871 592 3914 suas
607 3858 730 3929 uterque
751 3854 880 3930 legiones
901 3853 1014 3915 redueit
1034 3855 1064 3914 in
1086 3859 1187 3915 eastra.

235 3950 289 4019 41.
312 3956 355 4014 Eo
378 3956 467 4017 biduo
483 3955 588 4017 Caesar
610 3975 675 4017 oum
691 3955 837 4032 equitibus
851 3975 956 4035 noceo,
979 3976 1052 4034 qnos
1074 3957 1128 4017 sibi
1149 3973 1230 4033 prae-

1036 4055 1072 4106 2*
