2964 4506
613 294 665 350 111.
684 299 795 350 tt—tt.
1209 294 1250 354 85

165 473 308 534 mediocri
322 473 482 534 latitudine
497 471 606 530 fossam
620 471 708 530 tectis
719 469 864 530 militibus
875 467 980 528 obduci
994 469 1083 530 iussit
1096 469 1249 544 locumque

159 577 191 635 in
221 591 320 635 omnes
348 579 451 650 partes
479 588 570 648 quam
597 572 724 632 maxime
749 571 895 646 impediri.
938 570 1007 645 Ipse
1038 571 1152 632 idoneis
1177 573 1286 633 locist

159 677 325 738 funditores
347 676 501 752 instruxit,
524 682 559 734 ut
574 674 723 750 praesidio
738 674 849 735 nostris
863 689 894 734 se
909 673 1120 749 recipientibus
1134 679 1241 738 essent.

159 779 215 838 His
252 780 340 839 rebus
369 779 509 839 conlectis
541 779 687 852 legionem
719 777 821 836 reduci
843 777 949 838 iussit.
991 776 1165 853 Pompeiani
1196 777 1286 837 hoca

161 883 343 942 insolentius
367 888 457 956 atque
473 857 614 940 audacius
628 885 745 940 nostros
766 896 900 955 premere
915 883 945 940 et
961 880 1075 940 instare
1090 886 1250 955 coeperunt

159 989 316 1058 cratesque
329 1000 384 1059 pro
393 983 558 1044 munitione
573 983 704 1042 obiectas
717 981 923 1058 propulerunt,
938 988 974 1042 ut
987 982 1082 1042 fossas
1096 988 1249 1042 transcen·

158 1085 271 1146 dorent.
316 1085 399 1158 Quod
426 1102 492 1146 oum
523 1084 784 1146 animadvertisset
814 1082 938 1160 Caesar,
967 1084 1097 1160 veritus,
1122 1100 1160 1143 ne
1191 1092 1286 1144 nont

158 1187 281 1263 reoluotl,
303 1187 356 1248 sed
370 1187 478 1248 deiecti
492 1187 668 1248 viderentur
682 1187 835 1261 maiusque
859 1185 1068 1246 detrimentum
1083 1192 1248 1261 caperetur,

159 1290 285 1349 emedio
307 1291 371 1349 iere
392 1290 490 1365 spatio
506 1305 575 1349 suos
594 1306 650 1364 per
663 1289 838 1364 Antonium,
869 1289 921 1362 qui
934 1289 963 1348 ei
976 1288 1088 1362 legioni
1101 1293 1249 1363 praeerat,

162 1391 334 1451 cohortatus
361 1391 435 1450 tuba
461 1392 578 1466 signnm
606 1390 673 1451 dari
702 1397 792 1465 atque
820 1391 852 1450 iu
885 1389 985 1450 hostes
1012 1391 1154 1464 impetum
1182 1389 1248 1450 fleri

156 1493 252 1555 iussit.
282 1491 394 1552 Milites
414 1492 541 1568 legionis
563 1509 640 1552 vmu
669 1493 768 1551 subito
791 1491 955 1566 conspirati
981 1491 1044 1567 pila
1065 1492 1251 1552 coniecerunt
1272 1499 1287 1551 t

159 1600 189 1654 et
211 1610 248 1652 ex
269 1595 411 1654 inferiore
431 1595 495 1654 loco
517 1594 661 1655 adversus
683 1595 793 1654 olivum
814 1593 933 1656 mcltsti
959 1609 1047 1654 cursu
1068 1593 1247 1668 praecipites

157 1696 351 1771 Pompeianos
377 1703 505 1770 egerunt
530 1703 562 1756 et
589 1702 678 1772 terga
704 1702 824 1757 vertere
864 1701 1040 1771 coegerunt;
1074 1697 1179 1771 quibus
1209 1695 1247 1756 ad

157 1797 356 1871 recipiendum
383 1804 482 1858 crates
511 1798 643 1858 deiectae
671 1798 860 1872 longuriique
887 1799 995 1859 obiecti
1022 1803 1053 1856 et
1089 1798 1247 1858 institutae

156 1901 253 1960 fossae
283 1916 391 1974 magno
419 1899 627 1974 impedimento
653 1899 783 1960 luerunt.
834 1898 938 1959 Nostri
969 1916 1056 1975 vero,
1089 1901 1140 1973 qui
1173 1899 1284 1960 satist

159 2000 313 2062 habebant
335 2002 399 2060 sine
420 2002 598 2062 detrimento
620 2001 784 2077 discedere,
805 2002 1005 2077 compluribus
1029 2002 1205 2077 interiectis,
1227 2018 1248 2062 v

158 2104 274 2162 omnino
296 2120 416 2163 suorum
434 2104 553 2164 amissis
569 2104 751 2178 quietissime
766 2120 797 2164 se
812 2109 988 2179 receperunt
1002 2104 1148 2178 pauloque
1169 2104 1248 2164 eitru

159 2222 224 2265 eum
270 2206 366 2265 loonm
409 2206 478 2266 aliis
521 2206 738 2282 comprehensis
775 2206 899 2266 collibus
939 2206 1117 2266 munitiones
1151 2206 1249 2281 perie-

158 2312 270 2368 terunt.

241 2402 298 2474 47.
320 2409 398 2470 Erat
420 2426 499 2471 nova
522 2415 554 2470 et
568 2410 714 2470 inusimta
733 2409 807 2468 belli
821 2409 901 2470 ratio
915 2425 984 2469 cum
999 2413 1044 2470 tot
1058 2409 1247 2470 castellorum

157 2528 278 2571 numero
299 2517 448 2586 tantoque
471 2513 568 2586 spatio
584 2518 615 2572 et
629 2512 722 2572 tantis
736 2511 949 2572 munitionibus
964 2517 996 2571 et
1009 2517 1073 2571 toto
1087 2512 1247 2572 obsidionis

158 2629 274 2688 genere,
297 2619 361 2674 tum
376 2614 467 2673 etiam
491 2613 615 2687 reliquie
630 2613 727 2672 rebus.
753 2612 831 2672 Nom
845 2613 1019 2686 quicumque
1030 2614 1159 2674 alterum
1172 2615 1249 2674 obsi·
1270 2623 1284 2674 2

157 2715 227 2775 dere
249 2716 349 2774 conati
371 2721 455 2791 sunt,
483 2715 634 2789 perculsos
657 2719 744 2788 atque
772 2714 904 2774 infirmos
933 2715 1033 2776 hostes
1056 2722 1110 2775 aut
1132 2716 1245 2792 proelio

156 2823 313 2892 superatos
342 2822 397 2876 ant
425 2817 527 2891 aliqua
555 2817 715 2884 offensione
746 2822 896 2892 permotos
923 2818 1147 2894 continuerunt,
1180 2834 1245 2877 cnm

157 2920 215 2994 ipsi
229 2935 349 2980 numero
367 2919 499 2994 equitum
517 2919 703 2993 militumque
718 2923 922 2994 praestarent3
945 2924 1146 2980 cunctantem
1168 2921 1245 2980 obsi·
1265 2929 1281 2980 e

157 3021 253 3080 dionis
274 3021 348 3080 haec
362 3022 425 3080 iere
441 3037 505 3080 esse
519 3023 681 3096 consuevit,
704 3025 743 3079 ut
764 3022 911 3081 frumento
929 3021 1029 3082 hostes
1042 3023 1243 3097 prohiberent.

156 3121 198 3179 At
212 3126 276 3180 tum
291 3121 426 3194 integras
443 3125 533 3195 atque
547 3121 707 3181 incolumes
723 3122 822 3194 copias
837 3119 948 3181 Caesar
960 3123 1101 3183 inferiore
1115 3125 1243 3184 militum

157 3238 279 3282 numero
302 3222 486 3298 continebat,
509 3238 574 3282 oum
596 3223 643 3282 illi
665 3223 794 3282 omnium
816 3239 916 3282 rerum
938 3224 1023 3298 copia
1044 3225 1241 3300 abundarent;

157 3323 265 3384 cotidie
293 3323 371 3384 enim
401 3339 527 3398 magnus
555 3323 684 3398 undique
712 3325 832 3384 navium
869 3340 1009 3384 numerus
1041 3325 1280 3403 conveniebatt

157 3443 232 3500 quae
247 3431 442 3486 commeatum
456 3431 677 3502 supportarent,
700 3443 794 3501 neque
809 3427 889 3486 nllus
903 3425 977 3486 dare
991 3432 1099 3487 vontus
1113 3433 1240 3506 poterat,

158 3528 230 3602 quin
252 3527 354 3601 aliqua
376 3544 412 3588 ex
433 3534 521 3603 parte
543 3528 701 3588 secundum
723 3545 840 3590 cursum
868 3531 1027 3604 heberent;
1057 3530 1121 3604 ipse
1143 3537 1278 3591 autent

161 3630 343 3704 consumptis
371 3630 505 3690 omnibns
532 3631 620 3705 longe
649 3631 768 3704 lateque
795 3632 953 3692 trumenfis
981 3633 1100 3692 summis
1122 3636 1241 3694 eratin

156 3732 312 3807 angustiis.
343 3731 400 3793 Sed
422 3737 522 3792 tamen
537 3733 616 3798 ,hacc
631 3733 779 3806 singulari
800 3735 950 3808 patientia
964 3734 1072 3794 milites
1093 3735 1239 3797 ferebant.

155 3833 401 3894 Recordabantur
433 3835 511 3894 enim
543 3834 644 3895 eadem
673 3850 705 3894 sc
738 3837 890 3910 superiore
925 3852 1001 3895 anno
1033 3837 1065 3896 in
1093 3836 1277 3912 Hispanico

155 3952 310 4011 perpessos
345 3937 447 3996 labore
476 3941 507 3996 et
541 3937 689 4011 patientia
725 3937 884 3998 maximum
925 3938 1035 3999 bellum
1071 3940 1238 4017 coniecisse,
