2960 4500
587 233 635 288 Ill.
653 237 765 287 40-44.
818 281 836 290 .,
1183 232 1225 290 83

142 411 251 469 bellum
277 410 396 469 ductum
427 411 466 468 iri
495 410 666 468 existimans
689 409 777 485 etde
801 409 921 468 Italicis.
944 408 1154 469 'commeatibus
1175 408 1225 467 de-

145 529 281 587 sperans,¹
300 513 375 585 quod
392 517 478 570 tanta
501 512 657 584 diligentia
672 513 769 570 omnia
790 513 882 570 litora
903 511 1124 584 aPompeianis
1146 516 1226 570 tene·
1256 555 1257 558 ,

142 617 253 675 bantur
274 616 440 687 classesque
463 615 564 689 ipsius,
595 630 667 686 quas
692 614 798 672 hieme'
812 615 844 673 in
866 613 983 688 Sicilia,
1006 613 1115 688 Gallia,
1136 613 1228 672 Italia

146 718 266 793 fecerat,
283 719 483 792 morabantur,
498 717 531 774 in
542 717 666 791 Epirum
678 717 722 775 rei
733 717 948 776 frumentariae
959 733 1048 776 causa
1059 716 1092 787 Q.
1103 716 1226 776 Tillium

147 819 425 880 arbusculorum
447 821 563 892 legatos
585 819 680 892 misit,
711 820 844 893 quodque
865 819 921 877 hae
946 820 1082 892 regiones
1104 819 1229 877 aberant
1250 824 1265 874 4

144 922 274 998 longius,
307 923 380 980 locis
408 922 498 980 certis
534 921 642 979 horrea
673 922 827 981 constituit
858 927 1053 993 vecturasque
1084 920 1227 978 frumenti

145 1020 279 1082 finitimis
301 1023 474 1082 civitatibus
497 1022 655 1096 discripsit.
699 1023 777 1084 Item
799 1023 885 1082 Lisso
907 1039 944 1082 ex
964 1022 1178 1096 Parthinisque
1199 1026 1228 1082 at

146 1125 278 1184 omnibus
301 1125 430 1184 castellis
453 1125 529 1197 quod
552 1129 630 1184 esset
651 1125 793 1183 irnmenti
821 1124 954 1197 conquiri
975 1125 1071 1183 iussit.
1107 1123 1144 1182 ld
1165 1128 1229 1182 erat
1250 1131 1265 1179 5

145 1226 338 1299 perexiguum
360 1243 425 1284 cum
446 1226 540 1299 ipsius
563 1226 630 1299 agri
652 1229 768 1301 natura,
791 1225 867 1298 quod
889 1230 959 1284 sunt
980 1225 1045 1283 loca
1066 1241 1172 1299 aspera
1194 1241 1228 1283 ae

146 1332 300 1386 montuosa
314 1345 349 1386 ac
369 1329 541 1402 plerumque
562 1327 710 1386 frumento
733 1331 858 1387 utuntur
872 1327 1043 1401 importato,
1066 1333 1130 1386 tum
1152 1327 1229 1400 quod

146 1429 304 1504 Pompeius
325 1431 398 1488 haee
419 1431 593 1504 providerat
614 1435 644 1489 et
664 1430 868 1505 superioribus
889 1430 992 1489 diebus
1014 1429 1143 1506 praedae
1164 1431 1227 1488 loco

148 1531 306 1590 Parthinos
334 1533 480 1592 habuerat
507 1533 744 1605 auunculumque
766 1549 849 1591 omne
875 1533 1070 1606 conquisitum
1092 1533 1228 1607 spoliatis

148 1633 316 1707 effossisque
337 1651 437 1693 eorum
459 1635 591 1694 domibus
613 1653 667 1710 per
682 1635 796 1708 equites
818 1639 1022 1709 comportarat

233 1727 286 1794 43.
310 1735 421 1806 Quibus
444 1738 532 1795 rebus
554 1738 681 1810 cognitis
698 1736 809 1796 Caesar
833 1738 987 1796 consilium
1010 1736 1091 1810 capit
1113 1752 1151 1794 ex
1171 1734 1228 1793 loei

149 1840 263 1895 natura.
297 1837 392 1896 Erant
413 1838 491 1895 enim
513 1839 622 1896 circum
637 1843 736 1896 castra
751 1837 874 1912 Pompei
887 1839 1029 1912 permulti
1045 1838 1117 1900 editi
1140 1843 1228 1909 atque

150 1939 248 2012 asperi
274 1939 371 1998 colles.
414 1939 476 1998 Hos
505 1941 632 2015 primum
659 1939 816 2014 praesidiis
849 1941 948 1999 tenuit
981 1941 1161 2012 castellaque
1187 1940 1229 1996 ibi

150 2042 327 2099 communiit.
370 2041 450 2116 Inde,
473 2048 509 2100 ut
529 2043 586 2101 loci
608 2042 747 2115 cuiusque
769 2046 878 2100 natura
899 2043 1024 2118 ferebat
1048 2058 1085 2100 ex
1107 2042 1230 2105 castello
1252 2047 1266 2096 2

150 2144 182 2201 in
218 2142 372 2202 castellum
411 2143 552 2216 perducta
596 2144 758 2202 munitione
795 2143 1019 2202 circumvallare
1058 2143 1230 2217 Pompeium

156 2245 286 2313 instituit
306 2244 379 2303 haec
400 2250 544 2322 spectans,
576 2246 652 2319 quod
673 2247 800 2318 angusta
822 2261 855 2304 re
876 2245 1071 2306 frumentaria
1084 2248 1233 2305 'utebatur

157 2346 290 2418 quodque
318 2346 472 2423 Pompeius
499 2348 689 2407 multitudine
716 2348 847 2420 equitum
874 2347 1007 2422 valebat,
1037 2365 1093 2421 quo
1121 2349 1233 2406 minore

157 2448 287 2521 periculo
303 2450 430 2523 undique
444 2451 625 2510 frumentum
639 2453 887 2521 commeatumque
901 2449 1045 2508 exercitui
1058 2453 1234 2523 supportare

158 2554 265 2628 posset⁷
278 2553 373 2626 simul,
389 2553 435 2610 uti
448 2553 641 2626 pabulatione
649 2550 820 2623 Pompeium
834 2550 1003 2623 prohiberet
1014 2553 1235 2623 equitatumque
1256 2561 1270 2608 a

160 2653 223 2710 aius
246 2652 283 2711 ad
297 2670 360 2712 rem
375 2654 534 2727 gerendam
548 2654 684 2712 inutilem
699 2652 837 2726 efficeret,
858 2653 956 2727 tertio,
972 2659 1007 2711 ut
1022 2654 1235 2728 auctoritatem,
1257 2663 1271 2712 4

161 2771 218 2826 qua
240 2754 291 2813 ille
305 2757 431 2814 maxime
446 2756 525 2830 apud
539 2762 657 2814 exteras
672 2755 807 2813 nationes
821 2754 879 2812 niti
893 2755 1059 2830 videbatur,
1081 2756 1235 2830 minueret,

160 2873 225 2914 oum
256 2857 335 2916 iama
356 2875 410 2932 per
432 2860 531 2917 orbem
553 2863 702 2916 terrarum
723 2855 940 2930 percrebuisset
962 2858 1047 2917 illum
1069 2875 1087 2916 a
1110 2856 1236 2917 Caesare

161 2960 289 3018 obsideri
310 2977 404 3032 neque
427 2961 535 3023 audere
555 2961 667 3034 proelio
691 2960 839 3019 dimicare.
866 3037 868 3041 .
1014 3021 1016 3026 ,

246 3055 306 3123 44.
328 3059 482 3134 Pompeius
504 3077 597 3133 neque
619 3061 728 3118 amari
742 3059 967 3135 Dyrrachioque
988 3062 1138 3120 discedere
1158 3061 1237 3126 vole·

161 3162 226 3231 bat,
256 3162 331 3234 quod
353 3179 466 3221 omnem
489 3167 666 3236 apparatum
687 3162 774 3237 belli,
804 3164 877 3238 tela,
906 3180 1003 3237 arma,
1026 3167 1174 3222 tormenta
1195 3162 1238 3219 ibi

162 3263 368 3324 conlocauerat
381 3251 618 3336 frumentumque
633 3264 777 3322 exercitui
792 3266 917 3324 navibus
931 3266 1129 3339 supportabat,
1145 3277 1238 3335 neque

163 3366 339 3424 munitiones
362 3365 497 3425 Caesaris
518 3365 675 3440 prohibere
703 3370 835 3441 poterat,
865 3366 923 3426 nisi
948 3367 1073 3441 proelio,
1087 3364 1239 3431 decertare

163 3467 268 3540 vellet;
291 3467 367 3540 quod
389 3485 422 3527 eo
444 3474 576 3542 tempore
597 3472 747 3527 statuerat
768 3485 827 3529 non
848 3485 911 3527 esse
933 3469 1106 3533 iaciendum.
1128 3467 1241 3533 Relin-
1261 3472 1275 3522 2

164 3569 321 3644 quebatur,
344 3573 376 3628 ut
398 3576 559 3628 extremam
580 3570 726 3628 rationem
746 3570 818 3627 belli
840 3586 964 3643 sequens
991 3586 1077 3642 quam
1098 3569 1240 3642 plurimos

164 3671 254 3730 colles
275 3677 433 3744 occuparet
454 3677 485 3730 et
506 3688 593 3744 quam
614 3671 774 3732 latissimas
789 3672 925 3744 regiones
946 3670 1102 3746 praesidiis
1124 3674 1242 3728 teneret

166 3771 358 3845 Caesarisque
386 3774 499 3847 copias,
534 3789 620 3845 quam
651 3773 776 3830 maxime
805 3778 917 3848 posset,
935 3800 938 3804 ¹
953 3773 1120 3845 distineret;
1153 3770 1241 3842 idque

166 3873 280 3932 accidit.
317 3872 454 3934 Castellis
476 3875 552 3932 enim
568 3889 658 3930 xxrm
681 3873 791 3932 effectis
806 3890 846 3933 xv
868 3874 951 3932 milia
972 3889 1111 3948 passuum
1133 3871 1165 3928 in
1187 3873 1278 3929 eir-3

1052 3966 1088 4020 6*
