<?xml version="1.0" encoding="UTF-8"?>
<!DOCTYPE html PUBLIC "-//W3C//DTD XHTML 1.0 Transitional//EN"
    "http://www.w3.org/TR/xhtml1/DTD/xhtml1-transitional.dtd">
<html xmlns="http://www.w3.org/1999/xhtml" xml:lang="en" lang="en">
 <head>
  <title>
</title>
<meta http-equiv="Content-Type" content="text/html;charset=utf-8" />
  <meta name='ocr-system' content='tesseract 3.04.00' />
  <meta name='ocr-capabilities' content='ocr_page ocr_carea ocr_par ocr_line ocrx_word'/>
</head>
<body>
  <div class='ocr_page' id='page_1' title='image "./ciuliicaesarisd00meusgoog_0013.png"; bbox 0 0 2960 4500; ppageno 0'>
   <div class='ocr_carea' id='block_1_1' title="bbox 644 257 1258 321">
    <p class='ocr_par' dir='ltr' id='par_1_1' title="bbox 644 257 1258 321">
     <span class='ocr_line' id='line_1_1' title="bbox 644 257 1258 321; baseline 0.005 -3"><span class='ocrx_word' id='word_1_1' title='bbox 644 263 666 318; x_wconf 91' lang='lat'><strong>1.</strong></span> <span class='ocrx_word' id='word_1_2' title='bbox 684 267 778 317; x_wconf 84' lang='lat'>9—15.</span> <span class='ocrx_word' id='word_1_3' title='bbox 1242 257 1258 321; x_wconf 80' lang='lat' dir='ltr'><strong>i</strong></span> 
     </span>
    </p>
   </div>
   <div class='ocr_carea' id='block_1_2' title="bbox 175 432 1297 2050">
    <p class='ocr_par' dir='ltr' id='par_1_2' title="bbox 176 432 1297 1743">
     <span class='ocr_line' id='line_1_2' title="bbox 180 432 1258 514; baseline -0.006 -14"><span class='ocrx_word' id='word_1_4' title='bbox 180 432 290 500; x_wconf 87' lang='lat' dir='ltr'><strong>Varum</strong></span> <span class='ocrx_word' id='word_1_5' title='bbox 311 438 477 514; x_wconf 82' lang='lat' dir='ltr'><strong>frequentes</strong></span> <span class='ocrx_word' id='word_1_6' title='bbox 499 438 688 498; x_wconf 90' lang='lat' dir='ltr'><strong>conveniunt:</strong></span> <span class='ocrx_word' id='word_1_7' title='bbox 713 438 817 498; x_wconf 90' lang='lat' dir='ltr'><strong>docent</strong></span> <span class='ocrx_word' id='word_1_8' title='bbox 837 439 884 498; x_wconf 91' lang='lat' dir='ltr'><strong>sni</strong></span> <span class='ocrx_word' id='word_1_9' title='bbox 905 437 1004 497; x_wconf 92' lang='lat' dir='ltr'><strong>iudicii</strong></span> <span class='ocrx_word' id='word_1_10' title='bbox 1026 454 1087 496; x_wconf 89' lang='lat' dir='ltr'><strong>rem</strong></span> <span class='ocrx_word' id='word_1_11' title='bbox 1100 452 1159 495; x_wconf 90' lang='lat' dir='ltr'><strong>non</strong></span> <span class='ocrx_word' id='word_1_12' title='bbox 1182 451 1258 511; x_wconf 69' lang='lat' dir='ltr'><strong>esse,</strong></span> 
     </span>
     <span class='ocr_line' id='line_1_3' title="bbox 177 537 1260 618; baseline -0.006 -16"><span class='ocrx_word' id='word_1_13' title='bbox 177 559 272 618; x_wconf 89' lang='lat' dir='ltr'><strong>neque</strong></span> <span class='ocrx_word' id='word_1_14' title='bbox 293 559 325 602; x_wconf 92' lang='lat' dir='ltr'><strong>se</strong></span> <span class='ocrx_word' id='word_1_15' title='bbox 346 559 441 616; x_wconf 90' lang='lat' dir='ltr'><strong>neque</strong></span> <span class='ocrx_word' id='word_1_16' title='bbox 462 541 587 616; x_wconf 88' lang='lat' dir='ltr'><strong>reliquos</strong></span> <span class='ocrx_word' id='word_1_17' title='bbox 608 540 767 616; x_wconf 74' lang='lat' dir='ltr'><strong>municipes</strong></span> <span class='ocrx_word' id='word_1_18' title='bbox 789 540 849 617; x_wconf 91' lang='lat' dir='ltr'><strong>pati</strong></span> <span class='ocrx_word' id='word_1_19' title='bbox 872 557 958 616; x_wconf 91' lang='lat' dir='ltr'><strong>posse</strong></span> <span class='ocrx_word' id='word_1_20' title='bbox 980 539 1012 600; x_wconf 83' lang='grc' dir='ltr'><strong>Ο.</strong></span> <span class='ocrx_word' id='word_1_21' title='bbox 1036 538 1188 598; x_wconf 82' lang='lat' dir='ltr'><strong>Gaesarem</strong></span> <span class='ocrx_word' id='word_1_22' title='bbox 1209 537 1260 596; x_wconf 92' lang='lat' dir='ltr'><strong>im·</strong></span> 
     </span>
     <span class='ocr_line' id='line_1_4' title="bbox 178 639 1259 721; baseline -0.006 -17"><span class='ocrx_word' id='word_1_23' title='bbox 178 650 337 721; x_wconf 74' lang='lat' dir='ltr'><strong>potatorem</strong></span> <span class='ocrx_word' id='word_1_24' title='bbox 354 645 429 704; x_wconf 91' lang='lat' dir='ltr'><strong>bene</strong></span> <span class='ocrx_word' id='word_1_25' title='bbox 449 643 486 703; x_wconf 91' lang='lat' dir='ltr'><strong>de</strong></span> <span class='ocrx_word' id='word_1_26' title='bbox 499 661 531 703; x_wconf 91' lang='lat' dir='ltr'><strong>re</strong></span> <span class='ocrx_word' id='word_1_27' title='bbox 544 643 661 718; x_wconf 89' lang='lat' dir='ltr'><strong>publica</strong></span> <span class='ocrx_word' id='word_1_28' title='bbox 675 643 808 703; x_wconf 89' lang='lat' dir='ltr'><strong>meritum</strong></span> <span class='ocrx_word' id='word_1_29' title='bbox 820 643 922 710; x_wconf 76' lang='lat' dir='ltr'><strong>,tantis</strong></span> <span class='ocrx_word' id='word_1_30' title='bbox 942 642 1029 702; x_wconf 90' lang='lat' dir='ltr'><strong>rebus</strong></span> <span class='ocrx_word' id='word_1_31' title='bbox 1050 640 1137 717; x_wconf 89' lang='lat' dir='ltr'><strong>gestis</strong></span> <span class='ocrx_word' id='word_1_32' title='bbox 1152 639 1259 716; x_wconf 90' lang='lat' dir='ltr'><strong>oppido</strong></span> 
     </span>
     <span class='ocr_line' id='line_1_5' title="bbox 180 743 1260 825; baseline -0.004 -19"><span class='ocrx_word' id='word_1_33' title='bbox 180 748 389 824; x_wconf 81' lang='lat' dir='ltr'>moenibusque</span> <span class='ocrx_word' id='word_1_34' title='bbox 410 747 569 825; x_wconf 69' lang='lat' dir='ltr'><strong>prohiberi,</strong></span> <span class='ocrx_word' id='word_1_35' title='bbox 599 746 721 824; x_wconf 80' lang='lat' dir='ltr'>proinde</span> <span class='ocrx_word' id='word_1_36' title='bbox 743 746 849 807; x_wconf 90' lang='lat' dir='ltr'><strong>habeat</strong></span> <span class='ocrx_word' id='word_1_37' title='bbox 874 745 1013 806; x_wconf 89' lang='lat' dir='ltr'><strong>rationem</strong></span> <span class='ocrx_word' id='word_1_38' title='bbox 1035 743 1208 823; x_wconf 82' lang='lat' dir='ltr'><strong>posteritatis</strong></span> <span class='ocrx_word' id='word_1_39' title='bbox 1231 748 1260 803; x_wconf 92' lang='lat' dir='ltr'><strong>et</strong></span> 
     </span>
     <span class='ocr_line' id='line_1_6' title="bbox 178 845 1296 927; baseline -0.007 -17"><span class='ocrx_word' id='word_1_40' title='bbox 178 850 296 927; x_wconf 90' lang='lat' dir='ltr'><strong>periculi</strong></span> <span class='ocrx_word' id='word_1_41' title='bbox 317 850 370 910; x_wconf 92' lang='lat' dir='ltr'><strong>sui.</strong></span> <span class='ocrx_word' id='word_1_42' title='bbox 402 849 532 924; x_wconf 81' lang='lat' dir='ltr'><strong>Quorum</strong></span> <span class='ocrx_word' id='word_1_43' title='bbox 548 849 677 909; x_wconf 90' lang='lat' dir='ltr'><strong>oratioue</strong></span> <span class='ocrx_word' id='word_1_44' title='bbox 698 853 846 926; x_wconf 91' lang='lat' dir='ltr'><strong>permotus</strong></span> <span class='ocrx_word' id='word_1_45' title='bbox 860 848 955 908; x_wconf 81' lang='lat' dir='ltr'><strong>Varus</strong></span> <span class='ocrx_word' id='word_1_46' title='bbox 977 847 1159 924; x_wconf 80' lang='lat' dir='ltr'><strong>praesidium,</strong></span> <span class='ocrx_word' id='word_1_47' title='bbox 1181 845 1261 922; x_wconf 94' lang='lat' dir='ltr'><strong>quod</strong></span> <span class='ocrx_word' id='word_1_48' title='bbox 1282 852 1296 902; x_wconf 82' lang='lat'><strong>2</strong></span> 
     </span>
     <span class='ocr_line' id='line_1_7' title="bbox 177 948 1297 1028; baseline -0.004 -18"><span class='ocrx_word' id='word_1_49' title='bbox 177 952 384 1027; x_wconf 78' lang='lat' dir='ltr'><strong>introduxerat,</strong></span> <span class='ocrx_word' id='word_1_50' title='bbox 406 971 442 1012; x_wconf 85' lang='lat' dir='ltr'><strong>ex</strong></span> <span class='ocrx_word' id='word_1_51' title='bbox 464 951 571 1028; x_wconf 90' lang='lat' dir='ltr'><strong>oppido</strong></span> <span class='ocrx_word' id='word_1_52' title='bbox 594 951 689 1012; x_wconf 82' lang='lat' dir='ltr'><strong>educit</strong></span> <span class='ocrx_word' id='word_1_53' title='bbox 710 969 745 1011; x_wconf 89' lang='lat' dir='ltr'><strong>ac</strong></span> <span class='ocrx_word' id='word_1_54' title='bbox 766 948 905 1028; x_wconf 82' lang='lat' dir='ltr'><strong>profugit.</strong></span> <span class='ocrx_word' id='word_1_55' title='bbox 935 951 1022 1010; x_wconf 92' lang='lat' dir='ltr'><strong>Hunc</strong></span> <span class='ocrx_word' id='word_1_56' title='bbox 1044 949 1194 1026; x_wconf 87' lang='lat' dir='ltr'><strong>exprimo</strong></span> <span class='ocrx_word' id='word_1_57' title='bbox 1217 967 1260 1008; x_wconf 93' lang='lat' dir='ltr'><strong>or·</strong></span> <span class='ocrx_word' id='word_1_58' title='bbox 1281 956 1297 1005; x_wconf 83' lang='lat'><strong>3</strong></span> 
     </span>
     <span class='ocr_line' id='line_1_8' title="bbox 176 1050 1296 1131; baseline -0.003 -19"><span class='ocrx_word' id='word_1_59' title='bbox 176 1055 246 1114; x_wconf 91' lang='lat' dir='ltr'><strong>dine</strong></span> <span class='ocrx_word' id='word_1_60' title='bbox 266 1055 352 1131; x_wconf 89' lang='lat' dir='ltr'><strong>pauci</strong></span> <span class='ocrx_word' id='word_1_61' title='bbox 367 1053 496 1114; x_wconf 79' lang='lat' dir='ltr'><strong>Caesaris</strong></span> <span class='ocrx_word' id='word_1_62' title='bbox 518 1053 663 1113; x_wconf 74' lang='lat' dir='ltr'><strong>consecuti</strong></span> <span class='ocrx_word' id='word_1_63' title='bbox 685 1053 787 1114; x_wconf 85' lang='lat' dir='ltr'><strong>milites</strong></span> <span class='ocrx_word' id='word_1_64' title='bbox 810 1055 965 1113; x_wconf 90' lang='lat' dir='ltr'><strong>consistere</strong></span> <span class='ocrx_word' id='word_1_65' title='bbox 979 1056 1144 1128; x_wconf 88' lang='lat' dir='ltr'><strong>coegerunt.</strong></span> <span class='ocrx_word' id='word_1_66' title='bbox 1177 1050 1259 1111; x_wconf 83' lang='lat' dir='ltr'><strong>Gom.</strong></span> <span class='ocrx_word' id='word_1_67' title='bbox 1282 1060 1296 1109; x_wconf 84' lang='grc'>4</span> 
     </span>
     <span class='ocr_line' id='line_1_9' title="bbox 177 1153 1258 1233; baseline -0.005 -16"><span class='ocrx_word' id='word_1_68' title='bbox 177 1157 264 1217; x_wconf 88' lang='lat' dir='ltr'><strong>misso</strong></span> <span class='ocrx_word' id='word_1_69' title='bbox 292 1157 402 1233; x_wconf 92' lang='lat' dir='ltr'><strong>proelio</strong></span> <span class='ocrx_word' id='word_1_70' title='bbox 425 1156 605 1216; x_wconf 89' lang='lat' dir='ltr'><strong>deseritura</strong></span> <span class='ocrx_word' id='word_1_71' title='bbox 632 1155 691 1216; x_wconf 92' lang='lat' dir='ltr'><strong>suis</strong></span> <span class='ocrx_word' id='word_1_72' title='bbox 713 1156 824 1233; x_wconf 71' lang='lat' dir='ltr'><strong>Varus,</strong></span> <span class='ocrx_word' id='word_1_73' title='bbox 854 1173 913 1214; x_wconf 93' lang='lat' dir='ltr'><strong>non</strong></span> <span class='ocrx_word' id='word_1_74' title='bbox 941 1155 1022 1215; x_wconf 90' lang='lat' dir='ltr'><strong>nulla</strong></span> <span class='ocrx_word' id='word_1_75' title='bbox 1048 1172 1115 1231; x_wconf 90' lang='lat' dir='ltr'><strong>pars</strong></span> <span class='ocrx_word' id='word_1_76' title='bbox 1136 1153 1258 1213; x_wconf 90' lang='lat' dir='ltr'><strong>militum</strong></span> 
     </span>
     <span class='ocr_line' id='line_1_10' title="bbox 176 1256 1258 1336; baseline -0.005 -18"><span class='ocrx_word' id='word_1_77' title='bbox 176 1259 296 1318; x_wconf 92' lang='lat' dir='ltr'><strong>domum</strong></span> <span class='ocrx_word' id='word_1_78' title='bbox 318 1258 448 1336; x_wconf 67' lang='lat' dir='ltr'><strong>discedit,</strong></span> <span class='ocrx_word' id='word_1_79' title='bbox 472 1257 574 1333; x_wconf 90' lang='lat' dir='ltr'><strong>reliqui</strong></span> <span class='ocrx_word' id='word_1_80' title='bbox 589 1257 627 1316; x_wconf 90' lang='lat' dir='ltr'><strong>ad</strong></span> <span class='ocrx_word' id='word_1_81' title='bbox 643 1256 793 1317; x_wconf 80' lang='lat' dir='ltr'><strong>Gaesarem</strong></span> <span class='ocrx_word' id='word_1_82' title='bbox 815 1257 995 1333; x_wconf 87' lang='lat' dir='ltr'><strong>perveniunt,</strong></span> <span class='ocrx_word' id='word_1_83' title='bbox 1017 1261 1105 1332; x_wconf 89' lang='lat' dir='ltr'><strong>atque</strong></span> <span class='ocrx_word' id='word_1_84' title='bbox 1119 1273 1179 1315; x_wconf 90' lang='lat' dir='ltr'><strong>una</strong></span> <span class='ocrx_word' id='word_1_85' title='bbox 1193 1273 1258 1316; x_wconf 90' lang='lat' dir='ltr'><strong>cum</strong></span> 
     </span>
     <span class='ocr_line' id='line_1_11' title="bbox 176 1357 1260 1436; baseline -0.003 -16"><span class='ocrx_word' id='word_1_86' title='bbox 176 1360 211 1420; x_wconf 91' lang='lat' dir='ltr'><strong>iis</strong></span> <span class='ocrx_word' id='word_1_87' title='bbox 232 1360 391 1436; x_wconf 89' lang='lat' dir='ltr'><strong>deprensus</strong></span> <span class='ocrx_word' id='word_1_88' title='bbox 406 1361 440 1420; x_wconf 91' lang='lat' dir='ltr'><strong>L.</strong></span> <span class='ocrx_word' id='word_1_89' title='bbox 457 1359 576 1436; x_wconf 89' lang='lat' dir='ltr'><strong>Pupius,</strong></span> <span class='ocrx_word' id='word_1_90' title='bbox 599 1359 686 1436; x_wconf 88' lang='lat' dir='ltr'><strong>primi</strong></span> <span class='ocrx_word' id='word_1_91' title='bbox 698 1360 752 1435; x_wconf 90' lang='lat' dir='ltr'><strong>pili</strong></span> <span class='ocrx_word' id='word_1_92' title='bbox 767 1359 904 1436; x_wconf 88' lang='lat' dir='ltr'><strong>centurio,</strong></span> <span class='ocrx_word' id='word_1_93' title='bbox 926 1358 1086 1435; x_wconf 88' lang='lat' dir='ltr'><strong>adducitur,</strong></span> <span class='ocrx_word' id='word_1_94' title='bbox 1110 1358 1160 1434; x_wconf 93' lang='lat' dir='ltr'><strong>qui</strong></span> <span class='ocrx_word' id='word_1_95' title='bbox 1182 1357 1260 1418; x_wconf 94' lang='lat' dir='ltr'><strong>hunc</strong></span> 
     </span>
     <span class='ocr_line' id='line_1_12' title="bbox 176 1453 1296 1542; baseline -0.006 -19"><span class='ocrx_word' id='word_1_96' title='bbox 176 1462 303 1523; x_wconf 89' lang='lat' dir='ltr'><strong>eundem</strong></span> <span class='ocrx_word' id='word_1_97' title='bbox 331 1461 460 1523; x_wconf 85' lang='lat' dir='ltr'><strong>ordinem</strong></span> <span class='ocrx_word' id='word_1_98' title='bbox 491 1461 520 1521; x_wconf 92' lang='grc'><strong>111</strong></span> <span class='ocrx_word' id='word_1_99' title='bbox 543 1461 669 1522; x_wconf 85' lang='lat' dir='ltr'><strong>exercitu</strong></span> <span class='ocrx_word' id='word_1_100' title='bbox 693 1460 744 1521; x_wconf 84' lang='lat' dir='ltr'><strong>On.</strong></span> <span class='ocrx_word' id='word_1_101' title='bbox 767 1461 888 1538; x_wconf 94' lang='lat' dir='ltr'><strong>Pompei</strong></span> <span class='ocrx_word' id='word_1_102' title='bbox 916 1465 1002 1521; x_wconf 90' lang='lat' dir='ltr'><strong>autea</strong></span> <span class='ocrx_word' id='word_1_103' title='bbox 1023 1460 1154 1521; x_wconf 85' lang='lat' dir='ltr'><strong>duxerat.</strong></span> <span class='ocrx_word' id='word_1_104' title='bbox 1197 1453 1296 1542; x_wconf 64' lang='lat' dir='ltr'><strong>[Atio</strong></span> 
     </span>
     <span class='ocr_line' id='line_1_13' title="bbox 177 1562 1259 1640; baseline -0.001 -16"><span class='ocrx_word' id='word_1_105' title='bbox 177 1564 283 1624; x_wconf 75' lang='grc'><strong>(111111</strong></span> <span class='ocrx_word' id='word_1_106' title='bbox 305 1565 407 1624; x_wconf 90' lang='lat' dir='ltr'><strong>milites</strong></span> <span class='ocrx_word' id='word_1_107' title='bbox 421 1565 555 1624; x_wconf 85' lang='lat' dir='ltr'><strong>Attianos</strong></span> <span class='ocrx_word' id='word_1_108' title='bbox 578 1564 740 1640; x_wconf 79' lang='lat' dir='ltr'><strong>conlaudat,</strong></span> <span class='ocrx_word' id='word_1_109' title='bbox 763 1564 887 1640; x_wconf 89' lang='lat' dir='ltr'><strong>Pupium</strong></span> <span class='ocrx_word' id='word_1_110' title='bbox 910 1563 1033 1639; x_wconf 89' lang='lat' dir='ltr'><strong>dimittit,</strong></span> <span class='ocrx_word' id='word_1_111' title='bbox 1054 1562 1259 1623; x_wconf 87' lang='lat' dir='ltr'><strong>Auximatibus</strong></span> 
     </span>
     <span class='ocr_line' id='line_1_14' title="bbox 176 1665 1131 1743; baseline -0.003 -17"><span class='ocrx_word' id='word_1_112' title='bbox 176 1668 238 1743; x_wconf 90' lang='lat' dir='ltr'><strong>agit</strong></span> <span class='ocrx_word' id='word_1_113' title='bbox 259 1667 366 1743; x_wconf 88' lang='lat' dir='ltr'><strong>gratias</strong></span> <span class='ocrx_word' id='word_1_114' title='bbox 388 1685 477 1743; x_wconf 91' lang='lat' dir='ltr'><strong>seque</strong></span> <span class='ocrx_word' id='word_1_115' title='bbox 499 1685 599 1727; x_wconf 89' lang='lat' dir='ltr'><strong>eorum</strong></span> <span class='ocrx_word' id='word_1_116' title='bbox 620 1665 690 1727; x_wconf 85' lang='lat' dir='ltr'><strong>iacti</strong></span> <span class='ocrx_word' id='word_1_117' title='bbox 711 1684 866 1727; x_wconf 92' lang='lat' dir='ltr'><strong>memorem</strong></span> <span class='ocrx_word' id='word_1_118' title='bbox 888 1666 952 1726; x_wconf 89' lang='lat' dir='ltr'><strong>fore</strong></span> <span class='ocrx_word' id='word_1_119' title='bbox 972 1665 1131 1742; x_wconf 87' lang='lat' dir='ltr'><strong>pollicetur.</strong></span> 
     </span>
    </p>

    <p class='ocr_par' dir='ltr' id='par_1_3' title="bbox 175 1763 1259 2050">
     <span class='ocr_line' id='line_1_15' title="bbox 261 1763 1259 1844; baseline -0.004 -14"><span class='ocrx_word' id='word_1_120' title='bbox 261 1763 315 1830; x_wconf 83' lang='lat'><strong>14.</strong></span> <span class='ocrx_word' id='word_1_121' title='bbox 339 1769 451 1844; x_wconf 78' lang='lat' dir='ltr'><strong>Quibus</strong></span> <span class='ocrx_word' id='word_1_122' title='bbox 477 1770 564 1829; x_wconf 88' lang='lat' dir='ltr'><strong>rebus</strong></span> <span class='ocrx_word' id='word_1_123' title='bbox 587 1771 709 1829; x_wconf 91' lang='lat' dir='ltr'><strong>Romam</strong></span> <span class='ocrx_word' id='word_1_124' title='bbox 738 1769 877 1829; x_wconf 89' lang='lat' dir='ltr'><strong>nuntiatis</strong></span> <span class='ocrx_word' id='word_1_125' title='bbox 903 1772 1001 1828; x_wconf 84' lang='lat' dir='ltr'><strong>tantus</strong></span> <span class='ocrx_word' id='word_1_126' title='bbox 1028 1772 1146 1844; x_wconf 92' lang='lat' dir='ltr'><strong>repente</strong></span> <span class='ocrx_word' id='word_1_127' title='bbox 1167 1770 1259 1827; x_wconf 89' lang='lat' dir='ltr'><strong>terror</strong></span> 
     </span>
     <span class='ocr_line' id='line_1_16' title="bbox 175 1868 1259 1948; baseline 0.001 -20"><span class='ocrx_word' id='word_1_128' title='bbox 175 1869 288 1947; x_wconf 90' lang='lat' dir='ltr'><strong>invasit,</strong></span> <span class='ocrx_word' id='word_1_129' title='bbox 310 1876 351 1947; x_wconf 89' lang='lat' dir='ltr'><strong>ut,</strong></span> <span class='ocrx_word' id='word_1_130' title='bbox 374 1889 439 1931; x_wconf 90' lang='lat' dir='ltr'><strong>cum</strong></span> <span class='ocrx_word' id='word_1_131' title='bbox 454 1871 594 1931; x_wconf 88' lang='lat' dir='ltr'><strong>Lentulus</strong></span> <span class='ocrx_word' id='word_1_132' title='bbox 610 1871 709 1931; x_wconf 90' lang='lat' dir='ltr'><strong>consul</strong></span> <span class='ocrx_word' id='word_1_133' title='bbox 724 1871 762 1930; x_wconf 95' lang='lat' dir='ltr'><strong>ad</strong></span> <span class='ocrx_word' id='word_1_134' title='bbox 776 1871 961 1948; x_wconf 88' lang='lat' dir='ltr'><strong>aperiendum</strong></span> <span class='ocrx_word' id='word_1_135' title='bbox 977 1870 1119 1931; x_wconf 87' lang='lat' dir='ltr'><strong>aerarium</strong></span> <span class='ocrx_word' id='word_1_136' title='bbox 1134 1868 1259 1929; x_wconf 88' lang='lat' dir='ltr'><strong>venisset</strong></span> 
     </span>
     <span class='ocr_line' id='line_1_17' title="bbox 176 1971 1259 2050; baseline -0.002 -18"><span class='ocrx_word' id='word_1_137' title='bbox 176 1973 214 2032; x_wconf 87' lang='grc'><strong>111</strong></span> <span class='ocrx_word' id='word_1_138' title='bbox 224 1973 435 2049; x_wconf 90' lang='lat' dir='ltr'><strong>pecuniamque</strong></span> <span class='ocrx_word' id='word_1_139' title='bbox 441 1972 578 2050; x_wconf 91' lang='lat' dir='ltr'><strong>Pompeio</strong></span> <span class='ocrx_word' id='word_1_140' title='bbox 591 1991 628 2033; x_wconf 87' lang='grc'><strong>111</strong></span> <span class='ocrx_word' id='word_1_141' title='bbox 638 1977 755 2033; x_wconf 90' lang='lat' dir='ltr'><strong>senatus</strong></span> <span class='ocrx_word' id='word_1_142' title='bbox 766 1973 896 2033; x_wconf 90' lang='lat' dir='ltr'><strong>consulto</strong></span> <span class='ocrx_word' id='word_1_143' title='bbox 906 1971 1116 2049; x_wconf 87' lang='lat' dir='ltr'><strong>proferendam,</strong></span> <span class='ocrx_word' id='word_1_144' title='bbox 1128 1971 1259 2048; x_wconf 91' lang='lat' dir='ltr'><strong>protinus</strong></span> 
     </span>
    </p>
   </div>
   <div class='ocr_carea' id='block_1_3' title="bbox 174 2071 1257 2247">
    <p class='ocr_par' dir='ltr' id='par_1_4' title="bbox 174 2071 1257 2247">
     <span class='ocr_line' id='line_1_18' title="bbox 175 2071 1257 2151; baseline -0.002 -19"><span class='ocrx_word' id='word_1_145' title='bbox 175 2092 235 2133; x_wconf 91' lang='lat' dir='ltr'><strong>non</strong></span> <span class='ocrx_word' id='word_1_146' title='bbox 257 2080 356 2151; x_wconf 87' lang='lat' dir='ltr'><strong>aperto</strong></span> <span class='ocrx_word' id='word_1_147' title='bbox 378 2075 520 2135; x_wconf 87' lang='lat' dir='ltr'><strong>sanctiore</strong></span> <span class='ocrx_word' id='word_1_148' title='bbox 541 2075 651 2134; x_wconf 86' lang='lat' dir='ltr'><strong>aerario</strong></span> <span class='ocrx_word' id='word_1_149' title='bbox 673 2092 709 2133; x_wconf 89' lang='grc'><strong>111</strong></span> <span class='ocrx_word' id='word_1_150' title='bbox 731 2075 804 2133; x_wconf 90' lang='lat' dir='ltr'><strong>urbe</strong></span> <span class='ocrx_word' id='word_1_151' title='bbox 832 2071 1009 2150; x_wconf 83' lang='lat' dir='ltr'><strong>profugeret.</strong></span> <span class='ocrx_word' id='word_1_152' title='bbox 1055 2071 1160 2132; x_wconf 78' lang='lat' dir='ltr'><strong>Caesar</strong></span> <span class='ocrx_word' id='word_1_153' title='bbox 1182 2071 1257 2131; x_wconf 89' lang='lat' dir='ltr'><strong>enim</strong></span> 
     </span>
     <span class='ocr_line' id='line_1_19' title="bbox 174 2169 1256 2247; baseline -0.002 -17"><span class='ocrx_word' id='word_1_154' title='bbox 174 2172 333 2231; x_wconf 87' lang='lat' dir='ltr'><strong>adventare</strong></span> <span class='ocrx_word' id='word_1_155' title='bbox 353 2170 411 2230; x_wconf 88' lang='lat' dir='ltr'><strong>iam</strong></span> <span class='ocrx_word' id='word_1_156' title='bbox 433 2171 549 2247; x_wconf 89' lang='lat' dir='ltr'><strong>iamque</strong></span> <span class='ocrx_word' id='word_1_157' title='bbox 571 2177 600 2231; x_wconf 92' lang='lat' dir='ltr'><strong>et</strong></span> <span class='ocrx_word' id='word_1_158' title='bbox 615 2171 714 2230; x_wconf 89' lang='lat' dir='ltr'><strong>adesse</strong></span> <span class='ocrx_word' id='word_1_159' title='bbox 736 2171 796 2231; x_wconf 91' lang='lat' dir='ltr'><strong>eius</strong></span> <span class='ocrx_word' id='word_1_160' title='bbox 818 2172 930 2246; x_wconf 92' lang='lat' dir='ltr'><strong>equites</strong></span> <span class='ocrx_word' id='word_1_161' title='bbox 951 2169 1025 2230; x_wconf 83' lang='lat' dir='ltr'><strong>falso</strong></span> <span class='ocrx_word' id='word_1_162' title='bbox 1040 2169 1256 2230; x_wconf 89' lang='lat' dir='ltr'><strong>nuntiabantur.</strong></span> 
     </span>
    </p>
   </div>
   <div class='ocr_carea' id='block_1_4' title="bbox 166 2273 1292 3983">
    <p class='ocr_par' dir='ltr' id='par_1_5' title="bbox 168 2273 1292 3456">
     <span class='ocr_line' id='line_1_20' title="bbox 176 2273 1292 2351; baseline 0.004 -19"><span class='ocrx_word' id='word_1_163' title='bbox 176 2274 264 2334; x_wconf 90' lang='lat' dir='ltr'><strong>Hunc</strong></span> <span class='ocrx_word' id='word_1_164' title='bbox 284 2274 434 2335; x_wconf 88' lang='lat' dir='ltr'><strong>Marcellus</strong></span> <span class='ocrx_word' id='word_1_165' title='bbox 463 2275 573 2351; x_wconf 83' lang='lat' dir='ltr'><strong>collega</strong></span> <span class='ocrx_word' id='word_1_166' title='bbox 594 2278 624 2334; x_wconf 90' lang='lat' dir='ltr'><strong>et</strong></span> <span class='ocrx_word' id='word_1_167' title='bbox 652 2273 782 2350; x_wconf 89' lang='lat' dir='ltr'><strong>plerique</strong></span> <span class='ocrx_word' id='word_1_168' title='bbox 807 2273 991 2349; x_wconf 85' lang='lat' dir='ltr'><strong>magistratus</strong></span> <span class='ocrx_word' id='word_1_169' title='bbox 1013 2273 1156 2333; x_wconf 89' lang='lat' dir='ltr'><strong>consecuti</strong></span> <span class='ocrx_word' id='word_1_170' title='bbox 1178 2277 1254 2332; x_wconf 92' lang='lat' dir='ltr'><strong>sunt.</strong></span> <span class='ocrx_word' id='word_1_171' title='bbox 1278 2286 1292 2336; x_wconf 79' lang='lat'><strong>2</strong></span> 
     </span>
     <span class='ocr_line' id='line_1_21' title="bbox 175 2374 1292 2453; baseline 0.003 -18"><span class='ocrx_word' id='word_1_172' title='bbox 175 2375 229 2435; x_wconf 83' lang='grc'><strong>(111.</strong></span> <span class='ocrx_word' id='word_1_173' title='bbox 246 2376 401 2451; x_wconf 89' lang='lat' dir='ltr'><strong>Pompeius</strong></span> <span class='ocrx_word' id='word_1_174' title='bbox 421 2376 514 2453; x_wconf 91' lang='lat' dir='ltr'><strong>pridie</strong></span> <span class='ocrx_word' id='word_1_175' title='bbox 535 2376 596 2437; x_wconf 89' lang='lat' dir='ltr'><strong>eius</strong></span> <span class='ocrx_word' id='word_1_176' title='bbox 619 2376 675 2436; x_wconf 88' lang='lat' dir='ltr'><strong>diei</strong></span> <span class='ocrx_word' id='word_1_177' title='bbox 696 2394 734 2436; x_wconf 87' lang='grc'><strong>111</strong></span> <span class='ocrx_word' id='word_1_178' title='bbox 754 2376 828 2436; x_wconf 92' lang='lat' dir='ltr'><strong>urbe</strong></span> <span class='ocrx_word' id='word_1_179' title='bbox 848 2375 994 2452; x_wconf 87' lang='lat' dir='ltr'><strong>profectus</strong></span> <span class='ocrx_word' id='word_1_180' title='bbox 1007 2374 1061 2435; x_wconf 90' lang='lat' dir='ltr'><strong>iter</strong></span> <span class='ocrx_word' id='word_1_181' title='bbox 1075 2374 1111 2434; x_wconf 91' lang='lat' dir='ltr'><strong>ad</strong></span> <span class='ocrx_word' id='word_1_182' title='bbox 1126 2375 1255 2450; x_wconf 75' lang='lat' dir='ltr'><strong>legIoues</strong></span> <span class='ocrx_word' id='word_1_183' title='bbox 1276 2389 1292 2438; x_wconf 87' lang='lat'><strong>3</strong></span> 
     </span>
     <span class='ocr_line' id='line_1_22' title="bbox 174 2477 1255 2555; baseline -0.002 -18"><span class='ocrx_word' id='word_1_184' title='bbox 174 2477 308 2555; x_wconf 89' lang='lat' dir='ltr'><strong>habebat,</strong></span> <span class='ocrx_word' id='word_1_185' title='bbox 330 2497 403 2555; x_wconf 88' lang='lat' dir='ltr'><strong>quas</strong></span> <span class='ocrx_word' id='word_1_186' title='bbox 425 2497 444 2537; x_wconf 92' lang='lat' dir='ltr'><strong>a</strong></span> <span class='ocrx_word' id='word_1_187' title='bbox 465 2479 588 2539; x_wconf 79' lang='lat' dir='ltr'><strong>Caesare</strong></span> <span class='ocrx_word' id='word_1_188' title='bbox 613 2483 745 2555; x_wconf 88' lang='lat' dir='ltr'><strong>acceptas</strong></span> <span class='ocrx_word' id='word_1_189' title='bbox 772 2478 802 2537; x_wconf 92' lang='lat' dir='ltr'><strong>in</strong></span> <span class='ocrx_word' id='word_1_190' title='bbox 828 2477 935 2554; x_wconf 87' lang='lat' dir='ltr'><strong>Apulia</strong></span> <span class='ocrx_word' id='word_1_191' title='bbox 960 2477 1145 2538; x_wconf 90' lang='lat' dir='ltr'><strong>hibernorum</strong></span> <span class='ocrx_word' id='word_1_192' title='bbox 1167 2494 1255 2537; x_wconf 90' lang='lat' dir='ltr'><strong>cansa</strong></span> 
     </span>
     <span class='ocr_line' id='line_1_23' title="bbox 172 2577 1291 2656; baseline 0.002 -18"><span class='ocrx_word' id='word_1_193' title='bbox 172 2579 362 2656; x_wconf 85' lang='lat' dir='ltr'><strong>disposuerat.</strong></span> <span class='ocrx_word' id='word_1_194' title='bbox 405 2580 534 2640; x_wconf 91' lang='lat' dir='ltr'><strong>Dilectus</strong></span> <span class='ocrx_word' id='word_1_195' title='bbox 566 2582 642 2640; x_wconf 89' lang='lat' dir='ltr'><strong>circa</strong></span> <span class='ocrx_word' id='word_1_196' title='bbox 674 2581 775 2640; x_wconf 91' lang='lat' dir='ltr'><strong>urbem</strong></span> <span class='ocrx_word' id='word_1_197' title='bbox 803 2579 1046 2656; x_wconf 69' lang='lat' dir='ltr'><strong>intermittuntur,</strong></span> <span class='ocrx_word' id='word_1_198' title='bbox 1081 2578 1151 2637; x_wconf 90' lang='grc'><strong>1111111</strong></span> <span class='ocrx_word' id='word_1_199' title='bbox 1184 2577 1291 2640; x_wconf 79' lang='lat' dir='ltr'><strong>citral</strong></span> 
     </span>
     <span class='ocr_line' id='line_1_24' title="bbox 173 2680 1252 2759; baseline -0.001 -19"><span class='ocrx_word' id='word_1_200' title='bbox 173 2681 306 2758; x_wconf 77' lang='lat' dir='ltr'><strong>Capuam</strong></span> <span class='ocrx_word' id='word_1_201' title='bbox 329 2686 423 2741; x_wconf 89' lang='lat' dir='ltr'><strong>tutum</strong></span> <span class='ocrx_word' id='word_1_202' title='bbox 447 2699 509 2742; x_wconf 90' lang='lat' dir='ltr'><strong>esse</strong></span> <span class='ocrx_word' id='word_1_203' title='bbox 523 2682 657 2742; x_wconf 87' lang='lat' dir='ltr'><strong>omnibus</strong></span> <span class='ocrx_word' id='word_1_204' title='bbox 672 2681 795 2741; x_wconf 86' lang='lat' dir='ltr'><strong>videtur.</strong></span> <span class='ocrx_word' id='word_1_205' title='bbox 832 2680 1088 2759; x_wconf 78' lang='lat' dir='ltr'><strong>Capuaeprimum</strong></span> <span class='ocrx_word' id='word_1_206' title='bbox 1110 2698 1252 2741; x_wconf 86' lang='grc'><strong>11111111-</strong></span> 
     </span>
     <span class='ocr_line' id='line_1_25' title="bbox 173 2781 1251 2861; baseline 0.001 -19"><span class='ocrx_word' id='word_1_207' title='bbox 173 2781 292 2843; x_wconf 78' lang='lat' dir='ltr'><strong>firmant</strong></span> <span class='ocrx_word' id='word_1_208' title='bbox 314 2789 343 2844; x_wconf 92' lang='lat' dir='ltr'><strong>et</strong></span> <span class='ocrx_word' id='word_1_209' title='bbox 364 2783 503 2861; x_wconf 90' lang='lat' dir='ltr'><strong>colligunt</strong></span> <span class='ocrx_word' id='word_1_210' title='bbox 523 2784 718 2859; x_wconf 91' lang='lat' dir='ltr'><strong>dilectumque</strong></span> <span class='ocrx_word' id='word_1_211' title='bbox 740 2785 916 2860; x_wconf 91' lang='lat' dir='ltr'><strong>colonorum,</strong></span> <span class='ocrx_word' id='word_1_212' title='bbox 946 2785 995 2860; x_wconf 93' lang='lat' dir='ltr'><strong>qui</strong></span> <span class='ocrx_word' id='word_1_213' title='bbox 1016 2785 1082 2860; x_wconf 87' lang='lat' dir='ltr'><strong>lege</strong></span> <span class='ocrx_word' id='word_1_214' title='bbox 1103 2782 1178 2842; x_wconf 88' lang='lat' dir='ltr'><strong>iulia</strong></span> <span class='ocrx_word' id='word_1_215' title='bbox 1199 2782 1251 2843; x_wconf 82' lang='lat' dir='ltr'><strong>Oa</strong></span> 
     </span>
     <span class='ocr_line' id='line_1_26' title="bbox 170 2884 1251 2964; baseline 0 -20"><span class='ocrx_word' id='word_1_216' title='bbox 170 2903 259 2962; x_wconf 90' lang='lat' dir='ltr'><strong>puam</strong></span> <span class='ocrx_word' id='word_1_217' title='bbox 281 2885 395 2946; x_wconf 87' lang='lat' dir='ltr'><strong>deducti</strong></span> <span class='ocrx_word' id='word_1_218' title='bbox 417 2891 506 2963; x_wconf 89' lang='lat' dir='ltr'><strong>erant,</strong></span> <span class='ocrx_word' id='word_1_219' title='bbox 528 2885 635 2946; x_wconf 89' lang='lat' dir='ltr'><strong>habere</strong></span> <span class='ocrx_word' id='word_1_220' title='bbox 656 2886 824 2964; x_wconf 71' lang='lat' dir='ltr'><strong>instituunq</strong></span> <span class='ocrx_word' id='word_1_221' title='bbox 854 2887 1093 2963; x_wconf 85' lang='lat' dir='ltr'><strong>gladiatoresque,</strong></span> <span class='ocrx_word' id='word_1_222' title='bbox 1116 2884 1251 2961; x_wconf 87' lang='lat' dir='ltr'><strong>quesibi</strong></span> 
     </span>
     <span class='ocr_line' id='line_1_27' title="bbox 171 2986 1248 3066; baseline 0 -19"><span class='ocrx_word' id='word_1_223' title='bbox 171 2986 277 3047; x_wconf 79' lang='grc'><strong>011111</strong></span> <span class='ocrx_word' id='word_1_224' title='bbox 298 2987 328 3046; x_wconf 92' lang='lat' dir='ltr'><strong>in</strong></span> <span class='ocrx_word' id='word_1_225' title='bbox 350 2987 418 3048; x_wconf 91' lang='lat' dir='ltr'><strong>ludo</strong></span> <span class='ocrx_word' id='word_1_226' title='bbox 433 2987 567 3059; x_wconf 88' lang='lat' dir='ltr'><strong>habebat,</strong></span> <span class='ocrx_word' id='word_1_227' title='bbox 590 2988 628 3047; x_wconf 87' lang='lat' dir='ltr'><strong>ad</strong></span> <span class='ocrx_word' id='word_1_228' title='bbox 649 2986 745 3048; x_wconf 88' lang='lat' dir='ltr'><strong>forum</strong></span> <span class='ocrx_word' id='word_1_229' title='bbox 767 2990 922 3066; x_wconf 89' lang='lat' dir='ltr'><strong>productos</strong></span> <span class='ocrx_word' id='word_1_230' title='bbox 937 2988 1079 3048; x_wconf 89' lang='lat' dir='ltr'><strong>Lentulus</strong></span> <span class='ocrx_word' id='word_1_231' title='bbox 1100 3006 1152 3065; x_wconf 92' lang='lat' dir='ltr'><strong>spe</strong></span> <span class='ocrx_word' id='word_1_232' title='bbox 1166 2989 1248 3049; x_wconf 93' lang='lat' dir='ltr'><strong>liber-</strong></span> 
     </span>
     <span class='ocr_line' id='line_1_28' title="bbox 171 3088 1284 3168; baseline 0 -20"><span class='ocrx_word' id='word_1_233' title='bbox 171 3089 238 3148; x_wconf 87' lang='lat' dir='ltr'><strong>tatis</strong></span> <span class='ocrx_word' id='word_1_234' title='bbox 261 3088 414 3149; x_wconf 88' lang='lat' dir='ltr'><strong>confirmat</strong></span> <span class='ocrx_word' id='word_1_235' title='bbox 436 3093 523 3165; x_wconf 91' lang='lat' dir='ltr'><strong>atque</strong></span> <span class='ocrx_word' id='word_1_236' title='bbox 545 3091 582 3148; x_wconf 91' lang='lat' dir='ltr'><strong>iis</strong></span> <span class='ocrx_word' id='word_1_237' title='bbox 604 3107 694 3164; x_wconf 90' lang='lat' dir='ltr'><strong>equos</strong></span> <span class='ocrx_word' id='word_1_238' title='bbox 709 3092 841 3151; x_wconf 90' lang='lat' dir='ltr'><strong>attribuit</strong></span> <span class='ocrx_word' id='word_1_239' title='bbox 855 3096 884 3151; x_wconf 90' lang='lat' dir='ltr'><strong>et</strong></span> <span class='ocrx_word' id='word_1_240' title='bbox 905 3090 1030 3166; x_wconf 89' lang='lat' dir='ltr'><strong>sesequi</strong></span> <span class='ocrx_word' id='word_1_241' title='bbox 1045 3090 1141 3168; x_wconf 77' lang='lat' dir='ltr'><strong>iussit3</strong></span> <span class='ocrx_word' id='word_1_242' title='bbox 1172 3108 1247 3166; x_wconf 90' lang='lat' dir='ltr'><strong>quos</strong></span> <span class='ocrx_word' id='word_1_243' title='bbox 1270 3101 1284 3148; x_wconf 82' lang='lat'>5</span> 
     </span>
     <span class='ocr_line' id='line_1_29' title="bbox 169 3191 1246 3270; baseline 0.002 -19"><span class='ocrx_word' id='word_1_244' title='bbox 169 3197 271 3266; x_wconf 89' lang='lat' dir='ltr'><strong>postea</strong></span> <span class='ocrx_word' id='word_1_245' title='bbox 291 3191 417 3252; x_wconf 88' lang='lat' dir='ltr'><strong>monitus</strong></span> <span class='ocrx_word' id='word_1_246' title='bbox 439 3191 476 3250; x_wconf 89' lang='lat' dir='ltr'><strong>ab</strong></span> <span class='ocrx_word' id='word_1_247' title='bbox 498 3193 568 3270; x_wconf 90' lang='lat' dir='ltr'><strong>suis,</strong></span> <span class='ocrx_word' id='word_1_248' title='bbox 596 3191 675 3265; x_wconf 92' lang='lat' dir='ltr'><strong>qnod</strong></span> <span class='ocrx_word' id='word_1_249' title='bbox 696 3208 731 3250; x_wconf 92' lang='lat' dir='ltr'><strong>ea</strong></span> <span class='ocrx_word' id='word_1_250' title='bbox 752 3210 797 3251; x_wconf 91' lang='lat' dir='ltr'><strong>res</strong></span> <span class='ocrx_word' id='word_1_251' title='bbox 819 3192 947 3252; x_wconf 91' lang='lat' dir='ltr'><strong>omnium</strong></span> <span class='ocrx_word' id='word_1_252' title='bbox 969 3192 1073 3252; x_wconf 92' lang='lat' dir='ltr'><strong>iudicio</strong></span> <span class='ocrx_word' id='word_1_253' title='bbox 1095 3193 1246 3269; x_wconf 90' lang='lat' dir='ltr'><strong>reprehen-</strong></span> 
     </span>
     <span class='ocr_line' id='line_1_30' title="bbox 169 3291 1246 3369; baseline 0.003 -17"><span class='ocrx_word' id='word_1_254' title='bbox 169 3293 306 3369; x_wconf 86' lang='lat' dir='ltr'><strong>debatur,</strong></span> <span class='ocrx_word' id='word_1_255' title='bbox 333 3295 440 3354; x_wconf 88' lang='lat' dir='ltr'><strong>circum</strong></span> <span class='ocrx_word' id='word_1_256' title='bbox 467 3291 591 3352; x_wconf 82' lang='lat' dir='ltr'><strong>familias</strong></span> <span class='ocrx_word' id='word_1_257' title='bbox 624 3299 782 3353; x_wconf 87' lang='lat' dir='ltr'><strong>conventus</strong></span> <span class='ocrx_word' id='word_1_258' title='bbox 812 3293 953 3367; x_wconf 78' lang='lat' dir='ltr'><strong>Campani</strong></span> <span class='ocrx_word' id='word_1_259' title='bbox 981 3295 1130 3354; x_wconf 89' lang='lat' dir='ltr'><strong>custodiae</strong></span> <span class='ocrx_word' id='word_1_260' title='bbox 1158 3313 1246 3355; x_wconf 91' lang='lat' dir='ltr'><strong>causa</strong></span> 
     </span>
     <span class='ocr_line' id='line_1_31' title="bbox 168 3395 321 3456; baseline -0.007 -2"><span class='ocrx_word' id='word_1_261' title='bbox 168 3395 321 3456; x_wconf 84' lang='lat' dir='ltr'><strong>distribuit.</strong></span> 
     </span>
    </p>

    <p class='ocr_par' dir='ltr' id='par_1_6' title="bbox 166 3491 1278 3983">
     <span class='ocr_line' id='line_1_32' title="bbox 254 3491 1243 3575; baseline 0.001 -17"><span class='ocrx_word' id='word_1_262' title='bbox 254 3491 306 3559; x_wconf 82' lang='lat' dir='ltr'><strong>lb.</strong></span> <span class='ocrx_word' id='word_1_263' title='bbox 341 3497 467 3556; x_wconf 83' lang='lat' dir='ltr'><strong>Auximo</strong></span> <span class='ocrx_word' id='word_1_264' title='bbox 495 3495 602 3558; x_wconf 79' lang='lat' dir='ltr'><strong>caesar</strong></span> <span class='ocrx_word' id='word_1_265' title='bbox 626 3516 796 3574; x_wconf 87' lang='lat' dir='ltr'><strong>progressus</strong></span> <span class='ocrx_word' id='word_1_266' title='bbox 828 3516 943 3558; x_wconf 93' lang='lat' dir='ltr'><strong>omnem</strong></span> <span class='ocrx_word' id='word_1_267' title='bbox 971 3516 1075 3575; x_wconf 87' lang='lat' dir='ltr'><strong>agrum</strong></span> <span class='ocrx_word' id='word_1_268' title='bbox 1105 3499 1243 3560; x_wconf 87' lang='lat' dir='ltr'><strong>Picenum</strong></span> 
     </span>
     <span class='ocr_line' id='line_1_33' title="bbox 167 3596 1243 3675; baseline 0.003 -17"><span class='ocrx_word' id='word_1_269' title='bbox 167 3597 315 3672; x_wconf 83' lang='lat' dir='ltr'><strong>percurrit.</strong></span> <span class='ocrx_word' id='word_1_270' title='bbox 355 3596 482 3658; x_wconf 74' lang='lat' dir='ltr'><strong>(iunctae</strong></span> <span class='ocrx_word' id='word_1_271' title='bbox 510 3616 608 3658; x_wconf 89' lang='lat' dir='ltr'><strong>earum</strong></span> <span class='ocrx_word' id='word_1_272' title='bbox 637 3601 789 3675; x_wconf 90' lang='lat' dir='ltr'><strong>regionum</strong></span> <span class='ocrx_word' id='word_1_273' title='bbox 822 3598 1020 3674; x_wconf 87' lang='lat' dir='ltr'><strong>praefecturae</strong></span> <span class='ocrx_word' id='word_1_274' title='bbox 1047 3600 1243 3662; x_wconf 91' lang='lat' dir='ltr'><strong>libentissimis</strong></span> 
     </span>
     <span class='ocr_line' id='line_1_34' title="bbox 166 3700 1240 3776; baseline 0.004 -16"><span class='ocrx_word' id='word_1_275' title='bbox 166 3700 269 3760; x_wconf 85' lang='lat' dir='ltr'><strong>animis</strong></span> <span class='ocrx_word' id='word_1_276' title='bbox 290 3718 356 3760; x_wconf 92' lang='lat' dir='ltr'><strong>eum</strong></span> <span class='ocrx_word' id='word_1_277' title='bbox 378 3700 521 3776; x_wconf 88' lang='lat' dir='ltr'><strong>recipiunt</strong></span> <span class='ocrx_word' id='word_1_278' title='bbox 542 3702 758 3776; x_wconf 84' lang='lat' dir='ltr'><strong>exercitumque</strong></span> <span class='ocrx_word' id='word_1_279' title='bbox 786 3702 846 3762; x_wconf 90' lang='lat' dir='ltr'><strong>eius</strong></span> <span class='ocrx_word' id='word_1_280' title='bbox 868 3702 1001 3762; x_wconf 91' lang='lat' dir='ltr'><strong>omnibus</strong></span> <span class='ocrx_word' id='word_1_281' title='bbox 1023 3704 1109 3762; x_wconf 91' lang='lat' dir='ltr'><strong>rebus</strong></span> <span class='ocrx_word' id='word_1_282' title='bbox 1130 3703 1240 3764; x_wconf 86' lang='lat' dir='ltr'><strong>iuvant.</strong></span> 
     </span>
     <span class='ocr_line' id='line_1_35' title="bbox 166 3800 1278 3882; baseline 0.006 -20"><span class='ocrx_word' id='word_1_283' title='bbox 166 3800 261 3862; x_wconf 78' lang='lat' dir='ltr'><strong>Etiam</strong></span> <span class='ocrx_word' id='word_1_284' title='bbox 285 3800 418 3878; x_wconf 85' lang='lat' dir='ltr'><strong>Oingulo,</strong></span> <span class='ocrx_word' id='word_1_285' title='bbox 440 3801 519 3877; x_wconf 93' lang='lat' dir='ltr'><strong>quod</strong></span> <span class='ocrx_word' id='word_1_286' title='bbox 541 3802 679 3879; x_wconf 93' lang='lat' dir='ltr'><strong>oppidum</strong></span> <span class='ocrx_word' id='word_1_287' title='bbox 694 3803 839 3863; x_wconf 89' lang='lat' dir='ltr'><strong>Labienus</strong></span> <span class='ocrx_word' id='word_1_288' title='bbox 854 3801 1042 3864; x_wconf 87' lang='lat' dir='ltr'><strong>constituerat</strong></span> <span class='ocrx_word' id='word_1_289' title='bbox 1062 3822 1173 3880; x_wconf 90' lang='lat' dir='ltr'><strong>suaque</strong></span> <span class='ocrx_word' id='word_1_290' title='bbox 1195 3825 1242 3882; x_wconf 89' lang='lat' dir='ltr'><strong>pe·</strong></span> <span class='ocrx_word' id='word_1_291' title='bbox 1264 3816 1278 3869; x_wconf 85' lang='lat'><strong>2</strong></span> 
     </span>
     <span class='ocr_line' id='line_1_36' title="bbox 167 3902 1240 3983; baseline 0.003 -19"><span class='ocrx_word' id='word_1_292' title='bbox 167 3904 251 3964; x_wconf 89' lang='lat' dir='ltr'><strong>cunia</strong></span> <span class='ocrx_word' id='word_1_293' title='bbox 265 3902 513 3980; x_wconf 77' lang='lat' dir='ltr'><strong>exaedficaverat,</strong></span> <span class='ocrx_word' id='word_1_294' title='bbox 535 3904 572 3962; x_wconf 90' lang='lat' dir='ltr'><strong>ad</strong></span> <span class='ocrx_word' id='word_1_295' title='bbox 587 3923 653 3965; x_wconf 92' lang='lat' dir='ltr'><strong>eum</strong></span> <span class='ocrx_word' id='word_1_296' title='bbox 668 3905 758 3982; x_wconf 89' lang='lat' dir='ltr'><strong>legati</strong></span> <span class='ocrx_word' id='word_1_297' title='bbox 773 3907 894 3966; x_wconf 91' lang='lat' dir='ltr'><strong>veniunt</strong></span> <span class='ocrx_word' id='word_1_298' title='bbox 909 3923 1042 3981; x_wconf 90' lang='lat' dir='ltr'><strong>quaeque</strong></span> <span class='ocrx_word' id='word_1_299' title='bbox 1055 3906 1240 3983; x_wconf 89' lang='lat' dir='ltr'><strong>imperaverit</strong></span> 
     </span>
    </p>
   </div>
   <div class='ocr_carea' id='block_1_5' title="bbox 0 0 1484 4500">
    <p class='ocr_par' dir='ltr' id='par_1_7' title="bbox 0 0 1484 4500">
     <span class='ocr_line' id='line_1_37' title="bbox 0 0 1484 4500; baseline 0 3"><span class='ocrx_word' id='word_1_300' title='bbox 0 0 1484 4500; x_wconf 95' lang='lat' dir='ltr'><strong> </strong></span> 
     </span>
    </p>
   </div>
  </div>
 </body>
</html>
