2964 4506
651 254 702 310 ΙΙΙ.
722 255 831 311 10-15.
1230 259 1271 318 69

194 433 253 492 diei
275 431 468 491 coniunxerat
496 447 590 504 neque
611 431 671 490 iter
692 431 909 506 intermiserat,
938 439 973 492 ut
997 449 1092 508 paene
1113 449 1212 494 omnes
1235 451 1271 494 ex

192 534 285 610 Epiro
314 534 506 608 finitimisque
534 534 704 608 regionibus
737 535 825 608 signa
856 535 1073 612 relinquerent,
1107 537 1272 611 complures

194 654 277 697 arma
297 638 467 712 proicerent
488 653 523 696 ac
537 636 627 710 iugae
649 637 745 695 simile
759 638 819 696 iter
834 636 995 697 videretur.
1029 637 1088 698 Sed
1101 652 1166 698 curn
1180 655 1272 714 prope
1293 649 1309 700 t

191 741 392 815 Dyrrachium
413 738 571 814 Pompeius
600 739 783 799 constitisset
810 744 967 814 castraque
992 739 1100 800 metari
1127 742 1271 818 iussisset,

191 844 353 918 perterrito
376 843 466 902 etiam
487 848 551 901 tum
566 842 699 900 exercitu
712 843 850 916 princeps
863 841 1014 902 Labienus
1029 843 1163 918 procedit
1177 845 1272 904 iurat·

192 963 248 1020 que
280 963 312 1004 se
343 957 409 1006 eum
440 961 499 1004 nou
532 944 717 1004 deserturum
749 944 929 1019 eundemque
961 961 1061 1006 casum
1096 947 1272 1022 subiturum,

68 1101 76 1118 ,
194 1063 402 1122 quemcumque
429 1047 458 1106 ei
488 1047 610 1106 fortuna
635 1046 799 1106 tribuisset.
842 1047 907 1106 Hoc
934 1047 1011 1108 idem
1041 1048 1149 1122 reliqui
1171 1049 1310 1108 iuranti

191 1151 302 1225 legati;
330 1149 383 1208 hos
411 1149 525 1209 tribuni
553 1149 682 1208 militum
710 1149 954 1223 centurionesque
975 1155 1151 1226 sequuntur,
1182 1155 1271 1224 atque

191 1253 269 1312 idem
297 1253 390 1311 onmis
418 1252 566 1311 exercitus
587 1252 676 1310 iurat.
720 1250 832 1311 Gaesar
856 1257 1071 1326 praeoccupato
1100 1253 1208 1312 itinere
1236 1253 1309 1312 adt

191 1354 392 1428 Dyrrachium
413 1353 501 1414 finem
526 1353 705 1428 properandi
726 1354 801 1412 iacit
815 1359 972 1428 castraque
986 1354 1024 1413 ed
1038 1353 1146 1414 iumen
1160 1355 1273 1429 Apsum

192 1456 277 1531 ponit
298 1457 330 1514 in
358 1455 466 1515 tinibus
486 1455 734 1531 Apolloniatium,
765 1460 800 1514 ut
821 1451 965 1531 [castellis
991 1453 1175 1532 vigiliisque]
1199 1457 1274 1516 bene

190 1560 315 1619 meritae
337 1558 477 1618 civitates
498 1563 584 1617 tutae
611 1563 710 1618 esseut
733 1557 890 1634 praesidio,
911 1558 1011 1632 ibique
1032 1559 1215 1633 reliquarum
1236 1575 1273 1618 ex

190 1662 283 1722 Italia
304 1659 452 1735 legionum
474 1660 634 1720 adventum
663 1665 837 1734 exspectare
858 1666 890 1719 et
911 1661 965 1720 sub
993 1661 1122 1735 pellibus
1143 1662 1274 1720 hiemare

191 1764 354 1823 constituit.
397 1763 462 1822 Hoc
482 1763 560 1822 idem
581 1762 740 1837 Pompeius
767 1763 840 1822 fecit
862 1768 894 1822 et
918 1769 1004 1822 trans
1029 1762 1139 1823 flumen
1159 1762 1273 1838 Apsum
1294 1775 1309 1824 o

191 1867 297 1941 positis
318 1866 426 1928 aastms
448 1881 482 1923 eo
504 1865 603 1939 copias
625 1881 724 1924 omnes
746 1865 916 1939 auxiliaque
938 1865 1086 1925 conduxit.

277 1960 333 2032 14.
356 1966 482 2027 Galenus
510 1967 676 2040 legionibus
705 1966 908 2040 equitibusque
934 1966 1089 2026 Brundisii
1121 1968 1153 2025 in
1181 1981 1273 2026 naves

191 2070 350 2144 impositis,
384 2074 419 2127 ut
446 2073 513 2127 erat
540 2073 730 2142 praeceptum
759 2085 778 2126 a
806 2066 947 2143 (laesere,
979 2074 1120 2142 quantam
1152 2069 1273 2128 navium

191 2173 365 2232 facultatem
380 2171 516 2246 habebat,
540 2186 631 2230 naves
646 2171 738 2230 solvit
758 2169 936 2244 paulumque
951 2187 970 2229 a
985 2176 1075 2246 portu
1096 2187 1272 2246 progressus

190 2275 310 2334 litteras
342 2290 361 2332 a
390 2271 517 2333 Caesare
545 2273 666 2347 accipit,
698 2272 806 2346 quibus
832 2277 879 2331 est
905 2271 1015 2332 certior
1042 2273 1140 2333 iactus
1167 2279 1272 2348 portus

190 2378 338 2450 litoraque
353 2376 450 2435 onmia
464 2375 608 2434 classibus
623 2374 861 2435 adversariorum
876 2376 981 2435 teneri
1015 2375 1078 2447 Quo
1101 2376 1219 2450 cognito
1241 2386 1308 2436 ser

190 2479 222 2538 in
242 2484 361 2553 portum
381 2477 488 2552 recipit
509 2493 658 2550 navesque
679 2493 779 2536 omnes
800 2482 929 2536 revocat
972 2475 1040 2538 Una
1060 2493 1098 2536 ex
1118 2478 1174 2553 his,
1197 2494 1272 2551 quae

189 2579 396 2654 perseveravit
409 2594 504 2652 neque
524 2578 645 2652 imperio
661 2577 764 2638 Caleni
781 2579 1005 2653 obtemperavit,
1028 2580 1187 2652 quoderat
1208 2581 1272 2639 sine

189 2683 334 2741 militibus
363 2681 539 2756 privatoque
567 2679 689 2739 oonsilio
718 2680 998 2756 administrabatur,
1030 2680 1130 2740 dolata
1152 2679 1272 2742 Oricum

189 2789 277 2858 atque
292 2801 311 2843 a
325 2784 432 2844 Bibulo
448 2789 619 2858 expugnata
634 2788 692 2857 est;
716 2783 767 2856 qui
788 2783 825 2841 de
844 2783 940 2843 servis
954 2783 1115 2857 liberisque
1136 2784 1271 2844 omnibus
1292 2793 1307 2842 t

188 2888 227 2947 ad
248 2888 416 2962 impuberes
436 2885 612 2960 supplicium
634 2885 726 2945 sumit
747 2889 776 2945 et
797 2884 836 2944 ad
857 2899 947 2944 unum
973 2885 1125 2946 interficit
1167 2885 1217 2946 Ita
1238 2887 1270 2946 in

188 2990 295 3064 exiguo
317 2995 449 3063 tempore
470 3003 634 3062 magnoque
656 3003 726 3048 casn
748 2989 841 3047 totius
855 2989 1002 3048 exercitus
1023 2989 1104 3048 salus
1125 2990 1269 3050 constitit.

274 3083 328 3152 lb.
351 3091 485 3164 Bibulus,
506 3095 541 3148 ut
562 3099 654 3164 supra
675 3090 908 3148 demonstratum
923 3095 976 3165 est,
1000 3096 1067 3150 erat
1088 3105 1153 3149 oum
1176 3091 1269 3150 classe

188 3193 227 3253 ad
248 3193 367 3253 Oricum
394 3194 437 3266 ct,
464 3191 552 3252 sicuti
580 3191 656 3249 mari
683 3190 875 3264 portibusque
901 3189 1057 3250 Gaesarem
1083 3192 1267 3268 prohibebat,

187 3298 232 3356 ita
253 3296 317 3370 ipse
338 3295 417 3354 omni
445 3299 529 3353 terra
549 3307 652 3352 earum
680 3293 833 3366 regionum
855 3291 1084 3367 prohibebatur;
1112 3293 1270 3367 praesidiis
1291 3301 1305 3352 l

187 3399 265 3458 enim
298 3397 450 3473 dispositis
481 3396 579 3455 omnic
611 3395 700 3454 litora
732 3411 751 3453 a
782 3393 910 3454 Caesam
945 3394 1137 3469 tenebantur,
1174 3411 1268 3468 neque

187 3498 324 3572 lignandi
346 3504 435 3572 atque
462 3498 591 3572 aquandi
611 3512 706 3570 nsque
727 3512 819 3556 naves
845 3496 883 3556 ad
909 3502 1022 3556 terram
1044 3495 1196 3570 deligandi
1216 3513 1267 3571 po·

188 3605 283 3660 testas
293 3600 392 3658 flebat.
413 3598 492 3658 Erat
501 3616 551 3659 res
561 3601 593 3659 in
604 3613 713 3674 magna
728 3599 913 3674 difficultate,
929 3598 1107 3672 summisque
1121 3599 1269 3673 angustiis
1289 3607 1304 3656 t

186 3719 286 3762 rerum
307 3701 540 3761 necessariarum
566 3703 790 3776 premebantur,
819 3700 891 3760 adeo
913 3707 948 3760 ut
975 3706 1153 3775 cogerentur
1177 3701 1267 3761 sicuti

186 3805 332 3878 reliquum
353 3810 553 3880 commeatum,
578 3805 623 3863 ita
643 3804 728 3878 ligna
749 3809 839 3877 atque
861 3819 967 3876 aquam
989 3801 1119 3877 Corcyra
1141 3804 1266 3864 navibus

188 3907 333 3966 onerariis
365 3909 554 3980 supportare;
588 3911 677 3979 atque
706 3905 795 3965 etiem
824 3921 882 3964 uno
915 3911 1046 3979 tempore
1080 3904 1200 3980 accidit,
1234 3910 1305 3964 uti
