2964 4506
612 295 633 350 I.
652 298 761 350 ott-70.
1187 293 1224 352 81

151 474 229 549 quod
252 491 318 532 eum
340 472 469 532 omnium
491 471 624 530 laborum
646 468 735 529 finem
758 467 820 529 iore
836 469 1047 546 existimabant,
1073 469 1097 528 si
1118 468 1229 530 bostem

153 575 262 635 Hibero
284 575 472 635 intercludere
494 579 523 633 et
544 572 689 633 frumento
711 571 864 649 prohibere
884 571 1053 649 potuissent.

237 672 295 741 69.
317 678 361 737 Ac
375 676 468 754 primo
484 675 634 735 Afraniani
650 675 752 734 milites
766 674 876 734 visendi
897 691 983 734 causa
997 674 1065 734 laeti
1079 692 1116 734 ex
1132 675 1230 734 castris

151 780 358 854 procurrebant
385 777 656 853 contumeliosisque
684 777 804 838 vooibns
830 777 1081 853 prosequebantur
1101 782 1228 836 nostros:

152 881 304 941 necessarii
325 881 419 941 vietus
440 881 539 957 inopia
560 885 674 940 coactos
695 878 797 956 ingere
819 883 907 955 atque
928 879 964 938 ad
980 879 1102 939 Ilerdam
1118 879 1230 939 reverti.

152 982 223 1043 Erat
245 983 320 1042 enim
342 983 396 1042 iter
418 1000 436 1041 a
456 982 604 1059 proposito
628 981 784 1060 diversum,
812 981 1041 1058 contrariamque
1066 981 1095 1040 in
1117 985 1229 1058 partem

149 1084 184 1143 iri
206 1085 368 1147 videbatur.
399 1085 495 1145 Duces
510 1103 578 1145 vero
594 1103 693 1145 eorum
710 1084 857 1145 consilium
873 1102 957 1144 suum
980 1084 1114 1145 laudibus
1129 1082 1228 1144 elfere
1250 1091 1264 1140 2

151 1187 237 1263 bant,
258 1188 335 1263 quod
358 1205 389 1248 se
411 1187 509 1248 castris
531 1187 703 1264 tenuissent3
731 1187 913 1262 multumque
942 1204 1041 1246 corum
1064 1186 1229 1262 opinionem

149 1288 314 1362 adiuvabat,
325 1290 404 1365 quod
418 1290 479 1350 sine
493 1290 628 1350 iumentis
643 1288 912 1365 impedimentisque
929 1289 1007 1347 adid
1018 1288 1072 1349 iter
1084 1286 1229 1364 proiectos

148 1389 301 1468 videbant,
332 1397 445 1451 utnon
474 1409 559 1467 posse
580 1391 707 1468 inopiam
736 1391 843 1450 diutius
872 1391 1014 1450 sustinere
1042 1389 1228 1451 confiderent.

149 1491 208 1551 Sed
235 1493 286 1553 ubi
307 1495 448 1570 paulatim
469 1494 629 1570 retorqueri
653 1511 757 1570 agmen
780 1493 816 1552 ad
846 1493 993 1553 dexteram
1016 1497 1227 1570 conspexerunt
1248 1500 1263 1549 3

148 1593 265 1670 iamque
279 1595 386 1672 primos
401 1614 538 1674 superare
552 1597 699 1673 regionem
715 1600 872 1656 castrorum
891 1595 1019 1655 animum
1035 1596 1229 1671 adverterunt,

148 1714 234 1757 nemo
256 1703 318 1758 erat
340 1699 413 1759 adeo
436 1699 535 1759 tardus
556 1703 608 1758 aut
629 1697 745 1774 fugiens
768 1697 888 1773 laboris,
916 1697 986 1773 quin
1008 1697 1105 1757 statim
1128 1697 1227 1757 castris

150 1800 316 1859 exeundum
338 1806 426 1876 atque
447 1801 654 1860 occurrendum
681 1806 804 1877 putaret.
849 1799 1052 1860 Conclamatur
1081 1800 1118 1859 ad
1140 1818 1229 1875 arma,
1251 1807 1266 1856 4

147 1905 240 1976 atque
261 1919 361 1962 omnes
390 1902 489 1979 copiae
510 1902 609 1979 paucis
638 1902 779 1979 praesidio
801 1901 905 1962 relictis
933 1902 1100 1963 cohortibus
1122 1907 1230 1962 exeunt

146 2009 286 2080 rectoque
307 2004 344 2063 ad
373 2003 515 2064 Hiberum
536 2003 638 2063 itinere
659 2003 845 2063 contendunt.

235 2100 289 2169 70.
312 2107 383 2166 Erat
404 2106 433 2164 in
457 2105 600 2166 celeritate
625 2124 712 2165 omne
733 2106 859 2182 positum
887 2110 1044 2182 certamen,
1072 2105 1128 2165 utri
1149 2104 1229 2181 prius

147 2208 296 2285 angustias
317 2212 488 2284 montesque
510 2212 697 2283 occuparent:
720 2207 771 2268 sed
794 2207 949 2268 exercitum
966 2206 1095 2268 Caesaris
1116 2207 1228 2267 viarum

151 2308 339 2370 difficultates
354 2309 517 2387 tardabant,
534 2309 645 2369 Afranii
661 2311 757 2387 copias
773 2310 917 2386 equitatus
933 2309 1062 2370 (lassaris
1076 2310 1231 2385 insequens

150 2413 327 2473 morabatur.
362 2414 419 2473 Res
433 2418 531 2473 tamen
546 2415 583 2474 ab
598 2412 764 2473 Afranianis
777 2413 835 2474 huc
849 2419 911 2473 erat
925 2412 1084 2474 necessario
1099 2413 1230 2492 deducta,
1253 2422 1268 2472 2

150 2518 191 2584 nt,
213 2513 238 2573 si
260 2515 369 2591 priores
390 2520 519 2593 montes,
540 2532 614 2590 quos
635 2516 783 2591 petebant
805 2515 974 2591 attigissent,
995 2515 1050 2592 ipsi
1071 2515 1230 2591 periculum

150 2615 284 2693 vitarent
304 2615 510 2692 impedimenta
532 2616 620 2675 totius
642 2616 782 2675 exercitus
809 2615 997 2691 cohortesque
1017 2616 1047 2674 in
1070 2617 1168 2675 caetris
1190 2633 1231 2675 re-

151 2716 233 2776 lictas
255 2734 370 2777 servare
391 2736 450 2777 non
472 2721 604 2794 possent3
635 2716 740 2792 quibus
766 2716 927 2776 interclusis
954 2717 1079 2777 exercitu
1102 2716 1231 2776 Caesaris

151 2818 290 2879 auxilinm
313 2819 381 2880 ferri
402 2821 483 2880 nulla
503 2819 614 2880 ratione
635 2824 757 2897 poterat
801 2817 932 2879 Oouiecit
951 2819 1029 2896 prior
1050 2819 1104 2879 iter
1126 2819 1232 2880 (laesar
1252 2830 1267 2878 3

151 2926 240 2997 atque
261 2941 297 2982 ex
319 2923 432 3000 magnis
446 2923 567 3000 rupibus
581 2928 684 2983 nactus
705 2922 853 2999 planitiem
874 2921 903 2980 in
925 2922 981 2982 hac
998 2927 1098 2983 contra
1118 2922 1230 2982 hostem

153 3025 244 3084 aciem
266 3025 388 3084 instruit.
431 3024 581 3102 Afranius,
610 3043 675 3084 eum
698 3025 735 3084 ab
758 3025 887 3100 equitatu
916 3025 1103 3085 novissimum
1125 3043 1230 3102 agmen

153 3130 339 3203 premeretur,
361 3130 429 3186 ante
450 3143 481 3186 se
502 3126 613 3186 hostem
635 3126 753 3202 videret,
779 3127 879 3185 collem
902 3126 1046 3201 quendam
1068 3133 1170 3188 nactus
1191 3127 1232 3187 ibi

156 3228 291 3289 constitit.
328 3228 374 3286 Ex
397 3245 431 3288 eo
453 3229 517 3289 loco
539 3245 584 3286 rm
606 3231 795 3287 caetratorum
820 3227 950 3288 cohortes
971 3228 1000 3286 in
1022 3234 1160 3298 montem,
1182 3230 1232 3305 qui
1253 3239 1268 3288 4

152 3336 214 3391 erat
234 3331 264 3389 in
287 3336 442 3408 conspectu
472 3330 600 3391 omnium
628 3329 850 3406 excelsissimus,
878 3328 972 3390 mittit
1015 3330 1103 3390 Hunc
1123 3349 1230 3406 magno

156 3450 242 3492 cursu
264 3434 420 3493 concitatos
441 3433 522 3493 iubet
537 3451 686 3510 occupare,
708 3451 742 3493 eo
758 3433 888 3509 consilio,
909 3432 951 3491 uti
972 3432 1035 3509 ipse
1049 3432 1150 3492 eodem
1173 3450 1231 3492 om-

153 3533 241 3593 nibus
263 3534 351 3610 copiis
373 3535 558 3596 contenderet
579 3540 608 3595 et
629 3540 741 3595 mutato
762 3535 863 3594 itinere
883 3533 959 3610 iugis
974 3533 1147 3611 Octogesam
1169 3552 1230 3611 per·

152 3635 272 3696 veniret.
316 3636 404 3696 Hunc
426 3655 491 3696 cunr
513 3637 630 3713 obliquo
653 3637 753 3697 itinere
776 3637 892 3697 caetrati
920 3641 1064 3714 peterent,
1087 3637 1267 3713 conspice-5

154 3743 201 3797 tus
222 3737 368 3814 equitatus
384 3739 515 3803 Caesaris
535 3740 565 3799 in
588 3738 718 3800 cohortes
739 3740 878 3816 impetum
900 3737 984 3813 iacit3
1007 3757 1061 3799 nec
1082 3739 1229 3798 minimam

152 3845 263 3915 partem
273 3841 411 3917 temporis
421 3841 614 3918 equitnmvim
627 3842 744 3902 caetrati
755 3841 895 3902 sustinere
905 3846 1063 3918 potuerunt
1073 3860 1230 3919 omnesque

153 3942 190 4000 ab
213 3942 247 4002 iis
262 3943 448 4004 circumventi
469 3944 498 4003 in
514 3947 667 4019 conspectu
683 3943 833 4019 utriusque
848 3943 989 4004 exercitus
1010 3942 1228 4005 interficiuntur.
