2964 4506
249 268 290 325 32
627 268 677 322 DE
693 268 811 334 BELLO
831 268 946 324 01va

334 436 385 504 71.
409 442 480 503 Erat
502 443 612 504 occasio
635 444 710 504 bene
731 443 875 519 gerendae
895 443 946 504 rei.
989 445 1094 520 Neque
1117 446 1236 506 veroid
1259 447 1331 509 an-

247 562 341 604 sarem
362 543 502 622 fugiebat,
524 550 604 606 tanto
626 546 682 606 sub
701 545 790 606 oeulis
812 551 930 623 accepto
952 546 1123 608 detrimento
1145 549 1327 626 perterritum

248 649 406 707 exercitum
428 647 567 708 sustinere
589 667 648 708 non
669 666 768 726 posse,
789 648 957 724 praesertim
979 649 1187 711 circumdatum
1201 652 1332 728 undique

248 748 394 826 equitatu,
423 767 487 809 curn
516 750 546 809 in
567 752 631 811 loco
647 768 741 826 aequo
764 754 851 824 atque
874 756 974 827 aperto
1002 751 1219 829 confligeretur:
1242 755 1331 830 idque

211 858 284 910 tex
306 851 441 911 omnibus
469 853 599 926 partibus
621 853 658 912 ab
688 870 723 912 eo
752 841 951 928 flagitabatur.
996 853 1212 916 concurrebant
1232 857 1329 934 legati,

246 953 426 1014 centuriones
440 954 606 1031 tribunique
620 954 755 1015 militurn:
771 972 809 1014 ne
823 954 967 1016 dubitaret
980 955 1122 1032 proelium
1134 957 1325 1035 committere;

208 1055 377 1115 somnium
406 1074 468 1117 esse
494 1057 616 1116 militum
647 1057 843 1133 paratissimos
871 1057 991 1117 animos.
1034 1056 1208 1120 Afranianos
1230 1065 1330 1120 contra

245 1157 344 1216 multis
365 1159 452 1218 rebus
472 1158 518 1218 sui
539 1159 648 1220 timoris
671 1159 756 1235 signa
778 1157 899 1219 misbse:
923 1159 1002 1234 quod
1023 1159 1082 1218 suis
1097 1179 1156 1220 non
1176 1161 1325 1222 subvenis-

244 1264 317 1334 sent,
339 1260 418 1336 quod
440 1261 476 1321 de
498 1262 569 1321 colle
590 1280 649 1322 non
672 1261 850 1338 decederent,
872 1261 951 1337 quod
972 1261 1021 1320 vix
1043 1261 1172 1337 equitum
1192 1263 1325 1324 incursus

244 1363 418 1423 sustinerent
446 1363 624 1438 conlatisque
652 1363 681 1422 in
716 1381 806 1422 unum
834 1365 929 1423 locum
961 1363 1051 1439 signis
1081 1362 1201 1424 conferti
1232 1381 1327 1439 neque

208 1469 224 1520 t
247 1463 362 1524 ordines
383 1482 478 1540 neque
499 1465 583 1540 signa
596 1470 754 1524 servarent.
784 1463 870 1539 Quod
891 1464 915 1524 si
929 1464 1108 1540 iniquitatem
1131 1465 1185 1526 loci
1206 1465 1326 1538 timeret,

244 1562 345 1622 datum
373 1562 407 1621 in'
429 1567 525 1623 tamen
547 1563 644 1638 aliquo
666 1564 730 1623 loco
759 1563 909 1638 pugnandi
938 1561 1121 1640 facultatem,
1149 1564 1227 1640 quod
1249 1568 1325 1624 certe

242 1664 313 1724 inde
334 1664 529 1725 decedendum
552 1670 626 1725 esset
640 1663 760 1724 Afranio
776 1683 830 1724 nec
851 1665 912 1724 sine
931 1682 1009 1740 aqua
1029 1683 1198 1741 permanere
1220 1670 1325 1741 posset.

333 1759 387 1833 72.
410 1766 515 1828 Caesar
535 1767 565 1825 in
588 1785 652 1826 earn
678 1784 758 1843 spem
788 1772 922 1843 venerat,
950 1784 982 1826 se
1002 1767 1065 1827 sine
1091 1785 1193 1844 pugna
1214 1772 1244 1826 et
1263 1767 1325 1828 sine

243 1869 362 1928 vulnere
383 1887 501 1928 suorum
516 1887 577 1929 rem
593 1867 734 1929 conficere
755 1885 854 1945 posse,
876 1869 954 1944 quod
968 1887 1000 1928 re
1021 1867 1210 1929 frumentaria
1223 1868 1323 1928 adver-

205 1978 219 2028 2
245 1970 338 2030 sarios
359 1971 569 2032 interclusisset
606 1970 665 2031 Gur
687 1971 772 2032 etiam
793 1970 920 2032 secundo
941 1971 1051 2047 proelio
1073 1971 1184 2047 aliquos
1207 1989 1243 2030 ex
1264 1971 1323 2032 suis

243 2073 408 2133 amitteret?
430 2092 480 2134 cur
502 2073 646 2134 vulnerari
668 2079 815 2150 pateretur
836 2073 944 2150 optime
957 2072 1074 2133 meritos
1095 2073 1131 2132 de
1152 2091 1184 2133 se
1197 2071 1320 2132 milites?

243 2192 294 2233 cur
316 2174 440 2250 denique
461 2173 607 2235 fortumam
622 2169 852 2252 periclitaretur?
874 2174 1041 2251 praesertim
1065 2192 1129 2234 eum
1146 2193 1204 2235 non
1226 2175 1321 2232 minus

203 2284 219 2334 3
242 2280 317 2336 esset
330 2276 509 2352 imperatoris
525 2277 641 2337 consilio
656 2294 793 2354 superare
808 2294 895 2352 quam
911 2277 1016 2353 gladio.
1041 2276 1212 2336 Merebatur
1233 2275 1320 2334 etiam

242 2377 576 2456 misericordissimum,
605 2396 678 2454 quos
705 2377 919 2438 interficiendos
946 2378 1076 2439 videbat:
1107 2379 1213 2454 quibus
1234 2377 1321 2438 salvis

202 2488 218 2538 4
240 2485 328 2555 atque
347 2479 539 2541 incolumibus
553 2498 614 2541 rem
629 2481 760 2541 obtinere
774 2480 911 2540 malebat.
945 2481 1011 2540 Hoc
1026 2481 1174 2540 consilium
1190 2478 1321 2538 Caesaris

238 2581 383 2658 plerisque
396 2601 455 2643 non
477 2583 668 2661 probabatur3
692 2583 795 2643 milites
810 2600 879 2642 vero
901 2583 998 2659 palam
1013 2583 1087 2643 inter
1108 2599 1140 2642 se
1161 2580 1320 2656 loqueban-

238 2687 300 2761 tur,·
316 2685 452 2760 quoniam
467 2686 531 2745 talis
547 2687 659 2745 occasio
676 2685 811 2744 victoriae
827 2685 1027 2762 dimitteretur,
1050 2685 1136 2744 etiarn
1152 2702 1217 2744 cum
1232 2681 1320 2742 vellet

239 2786 353 2863 Caesar,
366 2805 429 2846 sese
443 2805 502 2847 non
518 2804 580 2846 esse
594 2790 784 2862 pugnaturos.
818 2786 870 2844 Ille
884 2785 913 2843 in
928 2802 982 2844 sua
996 2785 1138 2844 sententia
1152 2788 1318 2859 perseverat

238 2892 268 2946 et
289 2890 409 2964 paulurn
431 2905 467 2947 er
482 2906 516 2947 eo
537 2888 601 2946 loco
623 2886 790 2963 digreditur,
812 2890 845 2945 ut
867 2885 998 2945 timorem
1013 2885 1182 2944 adversariis
1196 2884 1318 2944 minuat.

201 2999 216 3048 o
238 2989 367 3048 Petreius
389 2993 476 3064 atque
493 2987 630 3048 Afranius
654 2988 752 3047 oblata
773 2986 912 3047 facultate
932 2987 962 3046 in
984 2991 1078 3047 castra
1098 3005 1161 3047 sese
1182 2985 1319 3046 referunt

240 3090 347 3151 Caesar
367 3091 515 3167 praesidiis
536 3091 565 3149 in
588 3090 734 3151 montibus
757 3090 902 3166 dispositis
924 3089 1002 3151 omni
1017 3090 1056 3149 ad
1070 3090 1212 3150 Hiberum
1234 3089 1320 3149 inter·

239 3192 429 3253 clusoilinere
441 3193 670 3270 quamproxime
684 3198 779 3270 potest
793 3192 918 3254 hostium
930 3193 1028 3253 castris
1044 3198 1137 3253 castra
1152 3190 1317 3252 communit

325 3289 381 3360 78.
405 3297 523 3357 Postero
546 3296 594 3356 die
614 3295 702 3355 duces
717 3296 948 3355 adversariorum
969 3295 1137 3374 perturbati,
1159 3293 1238 3371 quod
1259 3311 1319 3353 om-

238 3415 304 3457 nern
332 3398 373 3457 rei
401 3396 606 3458 frumentariae
634 3395 820 3472 fluminisque
849 3396 950 3456 Hiberi
978 3415 1059 3473 spem
1081 3397 1260 3471 dimiserant,
1282 3394 1319 3454 de

200 3507 216 3558 2
238 3499 354 3573 reliquis
375 3499 461 3558 rebus
484 3499 694 3558 consultabant.
730 3498 801 3557 Erat
822 3516 913 3557 unum
935 3498 997 3574 iter,
1019 3498 1144 3558 ilerdam
1165 3497 1189 3556 si
1211 3495 1317 3556 reverti

238 3602 356 3678 vellent,
378 3601 515 3678 alterum,
541 3601 565 3660 si
586 3601 780 3660 Tarraconem
809 3604 949 3677 peterent.
992 3600 1073 3661 Haec
1099 3598 1316 3660 consiliantibus

199 3702 270 3762 tiis
291 3702 461 3762 nuntiantur
482 3707 636 3778 aquatores
657 3703 695 3762 ab
718 3701 847 3778 equitatu
869 3702 960 3779 premi
982 3708 1089 3762 nostro.
1133 3700 1251 3774 Quare
1273 3719 1317 3761 co·

238 3805 319 3880 gnita
341 3805 454 3865 crebras
468 3805 605 3866 stationes
627 3805 783 3882 disponunt
798 3805 927 3879 equitum
944 3809 973 3864 et
987 3804 1146 3864 cohortium
1162 3802 1317 3862 alariarum

237 3907 466 3983 legionariasque
487 3906 650 3968 intericiunt
664 3907 795 3967 cohortes
810 3908 977 3982 vallumque
991 3924 1028 3965 ex
1044 3907 1142 3967 castris
1156 3906 1194 3965 ad
1209 3922 1316 3980 aquam
