2960 4500
237 269 297 327 102
615 269 666 323 DE
684 268 801 324 Buuuo
820 267 934 324 01va

199 455 213 504 2
237 445 333 523 Scipio
349 443 499 505 adfinitate
510 444 630 521 Pompei
644 443 812 504 confideret.
834 444 994 504 Postulavit
1009 443 1094 504 etiam
1109 443 1143 502 L.
1159 442 1313 502 Afranium

237 547 407 625 proditionis
422 547 562 607 exercitus
573 547 695 607 Acutius
707 545 801 606 Rufus
816 546 894 623 apud
906 547 1078 623 Pompeium
1095 539 1184 627 [quod
1200 550 1313 621 gestum

199 658 215 708 3
236 652 267 709 in
290 651 434 727 Hispania
455 643 583 730 dicerctl.
622 650 666 716 ,ut
687 649 721 708 L
742 648 889 709 Domitius
909 649 939 707 in
962 648 1079 709 consilio
1106 648 1181 708 dixit
1202 649 1314 724 placere

237 753 293 813 sibi
316 753 391 812 bello
414 751 544 812 confecto
566 757 662 811 ternas
683 752 804 811 tabellas
831 751 894 810 dari
922 751 1169 810 adiudicandum
1191 749 1242 827 iis,
1264 749 1314 826 qui

239 854 347 914 ordinis
374 860 469 916 essent
493 854 630 914 senatorii
658 854 793 929 belloque
823 872 882 912 una
915 871 980 914 cum
1006 853 1076 930 ipsis
1108 851 1315 928 interfuissent,

238 957 452 1033 sententiasque
465 957 503 1017 de
516 956 636 1033 singulis
657 953 782 1033 ferrent,⁸
796 956 846 1031 qui
868 957 977 1016 Romae
991 957 1194 1017 remansissent
1208 955 1315 1032 quique

239 1061 316 1118 intra
342 1058 485 1134 praesidia
512 1058 632 1135 Pompei
658 1057 780 1118 tuissent
807 1076 902 1134 neque
931 1076 1048 1135 operam
1076 1058 1106 1116 in
1134 1076 1166 1118 rc
1197 1057 1313 1116 militari

202 1176 216 1225 t
237 1160 460 1237 praestitissent:
483 1178 572 1220 unum
594 1159 657 1220 fore
672 1160 816 1238 tabellam,
839 1177 899 1236 qua
912 1160 1078 1220 liberandos
1093 1159 1172 1219 omui
1186 1159 1314 1235 periculo

241 1267 402 1342 censerent3
426 1264 554 1334 alteram,
576 1280 636 1339 qua
650 1262 751 1337 capide
766 1262 950 1341 damnarent3
972 1263 1094 1339 tertiam,
1117 1279 1175 1337 qua
1193 1261 1317 1338 pecunia

203 1379 218 1428 5
239 1366 403 1425 multarent.
433 1366 582 1426 Postremo
598 1383 698 1425 omnes
713 1369 765 1424 aut
786 1365 823 1424 de
845 1365 1005 1425 honoribus
1026 1365 1085 1424 suis
1107 1369 1158 1424 aut
1179 1363 1217 1424 de
1236 1381 1316 1441 prae

241 1467 306 1526 miis
327 1467 467 1544 pecuniae
481 1472 532 1527 aut
546 1467 583 1527 de
596 1467 801 1544 persequendis
823 1466 979 1527 inimicitiis
999 1467 1126 1543 agebant
1139 1484 1235 1542 neque
1256 1465 1316 1541 qui·

241 1569 296 1628 bus
310 1568 471 1629 rationibus
485 1587 621 1644 superare
635 1572 762 1645 possent,
783 1567 834 1627 sed
854 1587 940 1644 quem
957 1569 993 1628 ad
1009 1569 1127 1629 modum
1142 1568 1184 1628 uti
1198 1567 1317 1628 victoria

241 1672 380 1732 deberent
401 1673 577 1748 cogitabant

327 1766 382 1835 84.
405 1774 448 1833 Re
469 1771 658 1834 frumentaria
679 1778 852 1851 praeparata
871 1771 1108 1849 confirmatisque
1131 1773 1268 1833 militibus
1289 1778 1319 1832 et

242 1876 311 1937 satis
332 1876 421 1952 longo
435 1877 530 1952 spatio
552 1878 690 1954 temporis
704 1888 724 1936 a
737 1875 925 1954 Dyrrachinis
938 1876 1053 1953 proeliis
1067 1876 1237 1953 intermisso,
1260 1894 1318 1952 quo

243 1979 311 2040 satis
333 1982 515 2055 perspectum
536 1977 643 2039 habere
657 1978 780 2039 militum
796 1979 925 2038 animum
939 1978 1092 2055 videretur,
1118 1978 1318 2054 temptandum
1369 1956 1373 1969 Ι

245 2081 350 2141 caesar
372 2080 561 2159 existimavit,
587 2081 726 2157 quidnam
750 2081 905 2158 Pompeius
926 2080 1065 2157 propositi
1092 2085 1143 2140 aut
1164 2080 1319 2140 voluntatis

208 2182 281 2246 aad
309 2182 502 2242 dimicandum
534 2183 661 2244 haberet.
705 2183 808 2260 Itaque
836 2185 993 2244 exercitum
1021 2200 1057 2242 ex
1091 2184 1190 2242 castris
1219 2182 1319 2242 eduxit

245 2283 393 2359 aciemque
413 2283 561 2362 instruxit,
583 2285 676 2362 primo
698 2285 757 2344 suis
777 2285 847 2345 locis
872 2285 1019 2362 pauloque
1041 2302 1059 2343 a
1081 2283 1179 2344 castris
1200 2283 1320 2359 Pompei

244 2387 372 2462 longius,
401 2387 612 2448 continentibus
633 2404 702 2448 vero
731 2387 849 2469 diebus,
877 2392 911 2446 ut
938 2387 1198 2463 progrederetura
1224 2385 1322 2446 castris

227 2488 305 2556 ,suis
327 2489 504 2566 collibusque
526 2489 710 2567 Pompeianis
732 2489 822 2550 aciem
847 2489 997 2550 subiceret
1041 2488 1190 2562 Quaeres
1211 2489 1241 2546 in
1263 2487 1322 2548 dies

209 2601 224 2649 3
246 2589 488 2653 confirmatiorem
504 2593 565 2652 eius
580 2592 737 2653 exercitum
760 2589 916 2652 efficiebat.
948 2591 1086 2668 Superius
1101 2597 1198 2651 tamen
1213 2590 1322 2649 institu-

247 2699 308 2753 tum
330 2693 360 2752 in
383 2694 541 2771 equitibus,
563 2694 642 2769 quod
664 2693 938 2770 demonstravimus,
960 2693 1102 2770 servabat,
1124 2698 1164 2770 ut,
1187 2691 1323 2767 quoniam

246 2813 368 2854 numero
379 2795 475 2854 multis
489 2795 620 2871 partibus
635 2799 710 2855 esset
722 2792 848 2869 inferior,
863 2793 1058 2853 adulescentes
1073 2799 1161 2868 atque
1175 2793 1324 2868 expeditos

247 2913 284 2956 ex
306 2895 502 2970 antesignanis
518 2895 613 2954 electis
635 2895 672 2954 ad
694 2893 890 2970 pernicitatem
906 2893 992 2952 mmis
1013 2894 1088 2952 inter
1110 2893 1220 2969 equites
1241 2911 1323 2968 proc·

247 2997 313 3054 liari
327 2995 446 3072 iuberet,
461 2995 512 3071 qui
526 2995 673 3056 cotidiana
687 2994 894 3056 consuetudine
904 3013 988 3055 usum
1004 3012 1121 3070 quoque
1136 2995 1196 3056 cius
1211 2996 1325 3072 generis

211 3107 226 3156 4
248 3097 423 3174 proeliorum
450 3086 647 3175 perceperant.
694 3099 749 3184 His
771 3103 833 3158 erat
853 3098 940 3158 rebus
962 3095 1113 3175 effectum,
1138 3104 1171 3158 ut
1192 3099 1323 3173 equitnm

248 3200 325 3259 mille
352 3199 438 3260 etiam
470 3201 662 3278 apertioribus
694 3197 764 3262 locis
796 3205 906 3278 septem
938 3201 1048 3261 milium
1078 3201 1322 3277 Pompeianorum

248 3301 403 3380 impetum,
425 3321 490 3362 cum
512 3307 587 3364 esset
607 3321 685 3380 usus,
714 3302 853 3363 sustinere
874 3303 1013 3363 auderent
1033 3320 1128 3378 neque
1149 3319 1327 3378 magnopere

213 3414 350 3466 aeorum
379 3405 564 3465 multitudine
596 3410 778 3466 terrerentur.
821 3407 956 3480 Namque
983 3404 1069 3465 etiam
1101 3423 1153 3482 per
1185 3422 1234 3465 eos
1266 3405 1326 3465 dics

251 3507 392 3583 proelium
421 3507 578 3568 secundum
605 3514 736 3584 equestre
763 3507 833 3568 fecit
854 3513 942 3583 atque
969 3525 1060 3566 unum
1082 3508 1267 3584 Allobrogem
1289 3525 1326 3566 ex

251 3610 379 3686 duobus,
408 3627 481 3685 quos
508 3609 670 3687 perfugisse
696 3611 734 3670 ad
762 3609 932 3687 Pompeium
960 3625 1049 3686 supra
1070 3610 1232 3686 docuimus,
1260 3627 1326 3669 cum

251 3711 424 3787 quibusdam
445 3709 597 3772 interiecit.

337 3806 393 3877 85.
415 3814 579 3891 Pompeius,
601 3813 652 3889 qui
666 3818 759 3874 castra
773 3813 802 3873 iu
818 3815 890 3874 colle
908 3814 1042 3892 habebat,
1064 3813 1102 3873 ad
1115 3811 1232 3872 infimas
1253 3813 1327 3872 radi-

253 3933 299 3976 ces
320 3915 426 3976 montis
447 3915 537 3976 aciem
559 3916 736 3994 instruebat,
757 3933 871 3992 semper
878 3961 886 3994 ,
908 3921 941 3976 ut
961 3915 1128 3993 videbatur,
1149 3920 1327 3992 exspectaus,
