2960 4500
242 287 281 343 52
624 283 673 338 DE
691 283 811 340 BELLO
830 284 944 340 CIVILI

239 463 376 536 gionibus
398 462 552 535 relinquit;
574 462 639 536 ipse
662 478 726 521 cum
748 462 879 536 equitatu
895 462 1042 520 antecedit
1058 461 1095 520 ad
1110 466 1210 520 castra
1225 461 1323 534 explo-

201 573 217 621 3
239 563 334 622 randa
356 563 501 639 Cornelia,
525 564 601 637 quod
622 564 649 623 is
671 565 752 622 locus
773 563 950 637 peridoneus
964 565 1071 622 castris
1085 563 1257 621 habebatur.
1287 561 1323 620 ld

239 670 337 724 antem
360 671 406 724 cst
427 665 530 738 iugum
552 664 711 740 derectum,
734 665 863 724 eminens
883 667 914 723 in
928 682 1018 740 mare,
1041 671 1168 738 utraque
1184 668 1322 737 exparte

237 771 429 841 praeruptum
451 772 538 841 atque
561 784 705 841 asperum,
729 767 780 825 sed
802 771 900 826 tamen
916 769 1005 842 paulo
1019 768 1132 826 leniore
1146 767 1269 840 fastigio
1285 766 1321 824 ab

200 879 215 928 a
237 886 272 928 ca
293 876 389 945 parte,
412 887 487 944 quae
502 870 540 928 ad
554 870 669 930 Uticam
685 871 792 943 vergit.
821 870 916 929 Abest
931 871 1046 930 derecto
1061 870 1169 930 itinere
1184 871 1220 928 ab
1236 869 1322 930 Utica

236 973 325 1046 paulo
340 974 466 1046 amplius
481 989 619 1047 passuum
634 973 753 1031 milibus
767 991 813 1032 111.
854 972 911 1033 Sed
926 973 981 1031 hoo
994 975 1101 1032 itinere
1116 973 1248 1045 asticos,
1265 987 1321 1044 quo

236 1091 318 1132 mare
340 1075 471 1134 succedit
492 1075 617 1150 longius,
640 1076 757 1149 lateque
779 1075 805 1133 is
826 1076 907 1134 locus
927 1081 1097 1148 restagnat3
1121 1091 1205 1148 quem
1228 1073 1321 1146 siqui

235 1178 332 1236 vitare
354 1177 491 1253 voluerit
515 1194 566 1238 sex
588 1177 702 1236 milium
724 1178 849 1236 circuitu
871 1178 902 1236 in
924 1177 1062 1251 oppidum
1083 1176 1228 1250 pervenit.

320 1272 376 1342 25.
397 1279 462 1339 Hoc
484 1280 637 1352 explorato
659 1280 722 1340 loco
745 1278 833 1338 Uario
856 1283 954 1338 castra
975 1279 1050 1338 Vari
1072 1279 1215 1353 conspicit
1236 1295 1320 1336 muro

234 1382 397 1456 oppidoque
419 1382 573 1441 coniuncta
595 1382 632 1440 ad
654 1388 779 1458 portam,
802 1398 877 1456 quae
900 1383 1070 1457 appellatur
1087 1381 1198 1456 Belica
1222 1380 1319 1439 admo.

235 1485 303 1542 dum
323 1485 437 1543 munita
458 1490 568 1543 natura
588 1485 654 1560 loci,
676 1501 737 1543 una
751 1501 787 1543 cx
802 1490 889 1558 parte
903 1487 967 1559 ipso
982 1484 1088 1558 oppido
1103 1484 1199 1558 Utica,
1223 1484 1320 1541 altera

233 1587 368 1662 theatro,
395 1587 471 1659 quod
500 1591 545 1646 est
572 1592 642 1646 anta
670 1587 821 1662 oppidum,
851 1587 1117 1646 substructionibus
1139 1587 1202 1644 eius
1224 1585 1321 1659 operis

196 1696 210 1745 2
233 1690 368 1748 maximis
391 1689 473 1749 aditu
492 1689 529 1748 ad
545 1693 643 1748 castra
657 1688 773 1748 difficili
788 1693 817 1748 et
832 1694 967 1763 angusto.
998 1689 1090 1749 Simul
1106 1688 1319 1747 animadvertit

233 1792 328 1850 multa
349 1791 478 1865 undique
495 1792 609 1866 portari
624 1797 714 1865 atque
729 1791 780 1865 agi
795 1792 974 1866 plenissimis
988 1792 1054 1866 viis,
1077 1807 1152 1864 quae
1166 1790 1316 1864 repentini

196 1899 211 1948 3
233 1894 377 1952 tumultus
398 1893 505 1952 timore
527 1910 563 1951 ex
585 1894 668 1966 agris
690 1893 722 1951 in
743 1894 846 1951 urbem
869 1894 1106 1953 *conterebantur
1150 1892 1217 1952 Huc
1239 1891 1319 1965 equi·

232 1999 326 2066 tatum
349 1996 448 2071 mittit,
471 2000 504 2055 nt
518 1997 663 2070 diriperet
678 2003 767 2069 atque
782 1997 907 2056 haberet
920 1997 983 2054 loco
997 1996 1139 2070 praedac;
1162 1994 1319 2066 eodemque

232 2099 433 2171 temporabis
455 2098 544 2157 rebus
566 2099 695 2157 subsidio
717 2117 756 2158 oc
778 2100 892 2172 equites
914 2099 1060 2158 Numidae
1082 2115 1118 2156 cx
1141 2098 1246 2172 oppido
1268 2113 1318 2170 pe

110 2243 113 2248 .
234 2198 369 2271 ditesque
391 2216 459 2258 cccc
486 2201 646 2258 mittmtur
668 2218 686 2258 a
707 2201 802 2276 Varo,
830 2218 902 2274 quos
931 2200 1033 2260 auxilii
1058 2217 1147 2260 causa
1169 2217 1222 2258 rex
1244 2199 1319 2257 Iuba

116 2356 118 2361 .
197 2301 335 2374 spaucis
356 2298 457 2359 diebus
472 2305 542 2358 ante
556 2300 672 2360 Uticam
687 2301 815 2361 miserat.
846 2302 923 2360 Huic
945 2306 973 2361 et
986 2306 1142 2376 paternum
1160 2299 1317 2373 hospitium

234 2419 299 2461 cum
321 2401 461 2476 Pompeio
487 2407 516 2462 ct
542 2403 678 2461 simultas
700 2419 764 2461 cum
786 2401 914 2462 Curione
935 2403 1141 2478 intercedebat,
1164 2402 1241 2475 quod
1263 2403 1318 2461 tri·

233 2505 330 2562 bunus
350 2505 446 2578 plebis
460 2505 556 2578 legem
578 2506 827 2580 promulgaverat,
851 2522 908 2579 qua
930 2507 996 2579 lege
1017 2522 1143 2578 regnum
1157 2505 1250 2563 Iubae
1263 2521 1317 2578 pu·

196 2615 211 2662 o
231 2606 403 2668 blicaverat
433 2606 618 2668 Concurrunt
640 2609 753 2681 equites
768 2608 846 2668 inter
861 2625 906 2682 sc;
928 2624 1023 2681 neque
1036 2624 1108 2666 vero
1123 2608 1250 2682 primum
1265 2607 1318 2665 im·

233 2713 332 2781 petum
348 2713 513 2768 nostrorum
523 2709 669 2768 Numidae
683 2711 763 2768 ferre
773 2713 938 2784 potuerunt,
955 2711 1005 2768 sed
1021 2710 1183 2768 interiectis
1199 2709 1318 2767 circiter

197 2818 211 2865 t
234 2828 295 2868 cxx
317 2811 425 2883 reliqui
447 2827 478 2868 se
501 2811 533 2869 in
555 2815 653 2869 castra
674 2811 712 2868 ad
734 2811 872 2884 oppidum
893 2818 1077 2884 receperunt.
1121 2811 1243 2868 Interim
1266 2809 1316 2867 ad·

235 2917 326 2969 ventu
353 2911 509 2984 longarum
536 2912 657 2970 navium
680 2911 769 2970 Curio
796 2913 991 2985 pronuntiare
1019 2913 1165 2972 onerariis
1191 2913 1317 2971 navibus

233 3014 323 3088 nabet
347 3029 423 3085 quae
437 3014 559 3071 stabant
573 3013 611 3072 ad
625 3013 742 3073 Uticam
758 3030 878 3074 numero
893 3015 1014 3074 circiter
1033 3031 1074 3090 cc,
1097 3031 1128 3073 sc
1142 3015 1174 3073 in
1189 3015 1316 3074 hostium

233 3114 404 3173 habiturum
426 3115 501 3191 loco,
524 3115 574 3188 qui
596 3132 654 3174 non
676 3133 713 3174 cx
734 3117 862 3190 vestigio
885 3117 923 3176 ad
944 3123 1044 3177 castra
1066 3116 1203 3176 Cornelia
1225 3134 1317 3176 naves

196 3216 422 3277 itraduxisset.
474 3218 539 3289 Qua
565 3220 806 3292 pronuntiatione
833 3220 915 3278 facta
944 3221 1084 3294 temporis
1116 3226 1224 3294 puncto
1248 3222 1315 3277 sub·

232 3319 304 3377 latis
333 3320 449 3378 ancoris
477 3336 575 3378 omnes
596 3320 714 3379 Uticam
740 3321 913 3392 relinquunt
940 3327 971 3378 ct
993 3337 1048 3394 quo
1070 3321 1247 3394 imperatum
1270 3327 1316 3380 est

232 3427 397 3482 transeunt.
442 3421 523 3493 Quae
556 3438 604 3480 res
643 3423 771 3480 omnium
804 3439 903 3480 rerum
944 3424 1027 3496 copia
1049 3424 1207 3496 complevit
1230 3440 1313 3482 exer·

235 3524 336 3582 citum.

319 3617 371 3690 it.
405 3624 461 3684 His
489 3627 577 3685 rebus
607 3627 701 3700 gestis
723 3625 811 3686 Uario
843 3642 874 3685 se
903 3627 935 3686 in
963 3632 1062 3685 castra
1084 3627 1122 3686 ad
1143 3627 1313 3700 Bagradam

235 3727 344 3800 recipit
365 3732 454 3801 atque
476 3729 609 3788 universi
631 3729 776 3790 exercitus
798 3729 1026 3788 conclamatione
1040 3730 1200 3803 imperator
1215 3729 1314 3803 appel-

234 3830 315 3890 latur
336 3833 510 3903 posteroque
531 3831 579 3890 die
600 3831 718 3890 Uticam
739 3831 899 3890 exercitum
921 3830 1001 3890 ducit
1023 3835 1052 3890 ct
1072 3848 1163 3906 propa
1178 3830 1315 3905 oppidum

197 3938 212 3988 2
234 3936 336 3990 rastra
349 3932 441 4005 ponit.
470 3931 605 3992 Nondum
621 3949 708 4007 opere
731 3936 893 3991 castrorum
914 3933 1044 4006 perfecto
1066 3934 1177 4007 equites
1199 3950 1235 3992 ex
1258 3937 1315 3992 sta·

394 4033 410 4070 ab
