2964 4506
242 252 283 308 42
625 249 677 303 DE
695 249 812 304 BELLO
831 249 946 304 OlVlLI

242 444 324 485 muro
347 425 384 484 ad
406 426 517 485 caelum
548 443 651 484 manus
680 424 829 484 tenderent
860 429 911 484 eut
932 425 1040 501 templa
1065 425 1184 485 deorum
1206 423 1321 482 immor-

243 526 343 587 talium
380 527 491 586 adirent
527 531 556 586 et
591 531 659 586 ante
691 526 843 586 simulacra
875 526 994 602 proiecti
1014 525 1174 587 'victoriam
1208 526 1245 584 ab
1278 524 1321 584 dis

206 639 221 687 4
244 634 439 706 exposcerent.
482 631 587 705 Neque
609 632 671 690 erat
692 628 844 703 quisquam
869 627 1011 705 omnium,
1039 628 1108 704 quin
1130 629 1160 686 in
1183 627 1244 688 eius
1266 628 1323 687 diei

244 750 312 791 casu
334 749 451 791 suarum
467 731 596 791 omnium
618 729 800 790 fortunarum
817 735 952 790 eventum
968 729 1122 790 consistere
1136 729 1322 790 existimaret.

204 835 317 893 5Nam
347 838 376 893 et
407 833 519 894 honesti
547 851 583 893 er
616 832 767 892 iuventute
795 836 823 892 et
853 831 993 908 cuiusque
1020 833 1122 892 aetatis
1154 832 1322 909 amplissimi

241 935 409 995 nominatim
433 935 543 995 evocati
565 939 653 1010 atque
681 934 822 994 obsecrati
850 951 939 993 naves
966 933 1204 1011 conscenderant,
1226 939 1274 1012 ut,
1297 933 1321 994 si

242 1037 312 1112 quid
334 1038 446 1098 adversi
467 1037 624 1117 accidisset,
646 1054 683 1097 ne
705 1037 742 1096 ad
756 1037 926 1100 ¹conandum
950 1036 1067 1112 quidem
1089 1037 1143 1096 sibi
1165 1037 1320 1113 quicquam

243 1139 346 1216 reliqui
366 1139 430 1200 fore
444 1139 592 1217 viderent,
614 1139 637 1199 si
659 1139 879 1216 superavissent,
902 1113 1134 1200 vel'domesticis
1149 1139 1252 1216 opibus
1273 1140 1320 1198 vel

242 1241 367 1301 externis
388 1240 501 1301 auxiliis
523 1242 559 1301 de
580 1243 674 1301 salute
695 1240 774 1300 urbis
796 1239 983 1301 confiderent.
1030 1231 1031 1234 '

327 1337 362 1410 6.
386 1343 544 1404 Commisso
572 1343 681 1420 proelio
703 1342 928 1402 Massiliensibus
954 1360 1000 1402 res
1025 1343 1105 1402 nulla
1126 1342 1163 1402 ad
1185 1341 1321 1402 virtutem

243 1445 350 1524 defuit,
373 1445 424 1506 sed
446 1463 587 1506 memores
610 1463 709 1505 eorum
731 1448 964 1522 praesepiorum,
985 1463 1061 1522 quae
1082 1445 1171 1522 paulo
1193 1448 1260 1504 ante
1282 1445 1319 1504 ab

243 1549 302 1608 suis
324 1553 501 1625 erumperant,
522 1547 577 1608 hoc
598 1548 694 1607 animo
717 1548 910 1623 damnabant,
932 1552 964 1607 ut
978 1547 1090 1606 nullum
1108 1546 1186 1606 aliud
1208 1551 1321 1623 tempus

245 1651 283 1711 ad
308 1651 472 1711 conandum
500 1650 626 1710 habituri
655 1649 836 1726 viderentur,
864 1653 893 1709 et
924 1649 1031 1725 quibus
1060 1651 1090 1707 in
1118 1666 1219 1724 pugna
1245 1648 1322 1709 vitae

242 1754 401 1830 periculum
425 1753 574 1830 accideret,
596 1771 655 1812 non
677 1752 718 1811 ita
738 1752 829 1811 multo
851 1769 883 1811 se
904 1751 1079 1828 reliquorum
1102 1751 1206 1810 civium
1228 1747 1321 1811 iatum

244 1855 411 1915 antecedere
440 1855 652 1931 existimarent,
683 1853 788 1930 quibus
818 1854 892 1913 urbe
920 1859 1005 1931 capta
1031 1853 1132 1912 eadem
1161 1857 1235 1913 esset
1256 1853 1322 1913 belli

205 1962 220 2012 2
243 1955 361 2017 fortuna
374 1956 518 2034 patienda
541 1955 730 2032 Diductisque
744 1955 848 2016 nostris
862 1955 1001 2032 paulatim
1015 1955 1139 2015 navibus
1154 1961 1183 2016 et
1197 1953 1321 2016 artifieio

246 2060 473 2136 gubernatorum
496 2063 524 2118 et
546 2058 697 2120 mobilitati
712 2057 830 2117 navium
845 2059 925 2118 locus
947 2057 1086 2135 dabatur3
1110 2063 1139 2118 et
1160 2058 1184 2118 si
1205 2057 1322 2134 quando

241 2161 332 2222 nostri
346 2160 512 2222 facultatem
528 2161 603 2220 nacti
619 2159 718 2220 ferreis
732 2159 866 2220 manibus
881 2159 990 2220 iniectis
1001 2178 1105 2220 navem
1120 2161 1319 2236 caligaverant,

203 2272 219 2320 3
243 2263 372 2339 undique
392 2262 451 2322 suis
473 2262 671 2322 laborantibus
699 2263 913 2323 suocmrebant.
956 2264 1060 2338 Neque
1082 2281 1150 2323 vero
1174 2261 1319 2323 coniuncti

239 2365 333 2426 Albici
355 2365 514 2426 comminus
536 2364 695 2440 pugnando
718 2363 892 2425 deficiebant
913 2383 1008 2442 neque
1033 2366 1156 2425 multum
1179 2364 1319 2424 sedebant

240 2468 346 2528 virtute
367 2468 480 2528 nostris.
517 2465 608 2527 Simul
631 2485 667 2526 ex
689 2467 847 2528 minoribus
868 2469 992 2529 navibus
1013 2485 1121 2544 magna
1141 2467 1185 2526 vis
1206 2467 1319 2526 eminus

239 2569 327 2630 missa
338 2571 459 2630 telorum
471 2569 563 2629 multe
573 2569 677 2630 nostris
689 2566 736 2648 [de
746 2567 914 2650 improviso]
923 2570 1154 2646 imprudentibus
1169 2572 1257 2644 atqm
1267 2567 1318 2626 im-

201 2680 217 2730 4
239 2672 342 2750 peditis
353 2672 473 2732 vulnera
483 2671 653 2733 inferebant
677 2672 925 2750 conspicataeque
938 2691 1028 2732 naves
1039 2672 1167 2732 triremes
1179 2689 1201 2728 11
1213 2687 1318 2730 navem

239 2775 277 2834 D.
298 2775 395 2852 Bruti,
426 2792 502 2849 quae
530 2793 566 2835 ex
592 2774 698 2851 insigni
725 2773 809 2834 facile
836 2773 954 2849 agnosci
981 2777 1108 2848 poterat,
1137 2772 1250 2831 duabus
1280 2788 1317 2831 ex

233 2876 370 2952 partibus
390 2876 497 2936 sesain
512 2894 575 2936 eam
591 2876 790 2936 incitaverunt.
825 2873 883 2934 Sed
905 2877 1018 2932 tantum
1033 2891 1064 2932 re
1078 2871 1195 2949 provisa
1208 2873 1318 2932 Brutus

200 2986 217 3036 5
240 2977 382 3038 eeleritate
403 2981 487 3038 navis
509 2979 605 3039 eunus
627 2981 677 3052 cst,
699 2983 732 3036 ut
753 2993 843 3053 parvo
859 2979 1006 3034 momento
1022 2973 1209 3034 antecederet
1247 2974 1318 3034 Illae

240 3078 313 3140 adeo
336 3083 464 3157 graviter
484 3081 558 3141 inter
579 3097 610 3140 ss
631 3078 765 3138 incitatae
787 3075 992 3158 conflixerunt,
1013 3082 1047 3137 ut
1067 3075 1317 3137 vehementissime

236 3187 362 3258 utraque
384 3201 421 3243 ex
443 3201 582 3244 concursu
611 3173 790 3256 laborarent,
819 3181 909 3239 altera
936 3197 1005 3240 vero
1035 3177 1195 3257 praefracto
1224 3182 1316 3239 rostro

206 3287 301 3344 crota
323 3283 534 3345 conlabefieret.
572 3281 691 3356 Quare
713 3281 912 3341 animadversa
939 3299 1014 3356 quae
1035 3280 1184 3358 proximae
1206 3280 1231 3340 ei
1252 3279 1315 3338 loco

238 3405 276 3446 ex
298 3386 381 3447 Bruti
404 3388 494 3447 classe
514 3401 604 3444 naves
626 3387 722 3458 erent,
750 3383 780 3442 in
803 3401 851 3443 eas
872 3383 1023 3460 impeditas
1044 3383 1184 3460 impetum
1206 3381 1316 3443 faciunt

239 3488 423 3565 celeriterque
445 3487 546 3546 ambas
568 3484 741 3562 deprimunt.

322 3583 352 3656 7.
375 3589 432 3650 Sed
460 3587 635 3648 Nasidianae
663 3605 752 3649 naves
782 3587 861 3647 nullo
891 3586 956 3647 usui
982 3586 1100 3647 fuerunt
1132 3586 1315 3662 celeriterque

238 3709 340 3768 pugna
368 3695 565 3767 excesserunt;
596 3708 655 3751 non
685 3690 761 3750 enim
783 3690 835 3750 has
863 3694 913 3750 eut
935 3694 1106 3766 conspectus
1132 3689 1242 3766 patriae
1264 3693 1316 3748 eut

239 3793 468 3870 propinquorum
490 3798 644 3871 praecepta
665 3793 703 3852 ad
724 3799 884 3854 extremum
900 3793 977 3853 vitae
997 3792 1154 3869 periculum
1170 3790 1248 3850 adim
1270 3809 1314 3851 co

201 3902 216 3952 2
239 3897 361 3972 gabant:
383 3895 482 3972 itaque
504 3914 541 3956 er
563 3913 598 3956 eo
619 3913 740 3956 numero
762 3896 879 3954 navium
902 3895 982 3953 nulla
1003 3893 1164 3954 desiderate
1185 3897 1236 3952 est.
1268 3892 1314 3951 lix

1471 363 1477 402 l
