2960 4500
229 256 271 314 94
593 255 645 309 DE
662 254 781 312 BELLO
800 255 914 312 CIVILI

312 424 366 493 67.
389 431 432 490 Eo
447 431 532 507 signa
545 431 666 508 legionis
679 433 740 492 lata
757 432 951 509 speculatores
966 430 1082 492 Caesari
1095 429 1306 490 renuntiarunt.

226 533 291 593 Hoo
328 532 405 592 idem
445 533 539 594 visum
572 551 608 593 ex
645 534 845 608 superioribus
884 533 1002 609 quidam
1040 532 1161 592 castellis
1201 530 1305 592 contir-

190 640 204 689 2
226 639 387 694 naverunt.
424 634 454 694 Is
474 636 555 695 loeus
576 636 677 695 aberat
699 653 717 694 a
738 635 821 695 novis
843 636 965 713 Pompei
986 636 1087 695 eastris
1109 633 1221 694 onoiter
1241 651 1306 711 pas·

225 754 275 798 sus
303 738 488 813 quingentos.
532 737 618 798 Hane
645 737 790 814 legionem
817 755 936 816 sperans
960 736 1066 798 (laesor
1091 754 1123 796 se
1145 735 1307 815 opprimere

225 856 310 914 posse
330 843 359 898 et
385 841 505 917 oupiens
520 838 581 898 eius
603 838 663 900 diei
684 839 889 900 detrimentum
911 838 1016 900 saroire
1037 838 1153 914 reliquit
1167 837 1197 896 in
1219 855 1307 914 opere

189 947 204 998 3
226 940 356 1002 eohortes
371 942 543 1019 dnassquae
557 942 680 1018 speeiem
698 943 891 1001 munientium
905 941 1092 1019 praeberent3
1115 941 1178 1017 ipse
1193 938 1305 1000 diverso

187 1123 190 1130 Ι
226 1043 330 1104 itinere
352 1062 441 1119 quam
462 1045 558 1121 potuit
572 1044 766 1104 oeoultissime
779 1043 903 1119 reliquas
919 1042 1051 1110 eohortes
1066 1060 1186 1102 numero
1201 1059 1307 1120 xxxin,

226 1146 258 1204 in
280 1146 387 1220 quibus
402 1150 467 1212 erat,
484 1147 562 1222 legio
577 1163 656 1206 nona
670 1145 767 1205 multis
782 1145 893 1206 amissis
911 1145 1125 1206 eenturionibus
1147 1142 1307 1202 deminuto·

227 1265 285 1322 que
311 1247 432 1308 militnm
460 1265 596 1325 numero,
625 1248 663 1308 sd
689 1248 835 1324 legionem
862 1247 985 1323 Pompei
1017 1250 1168 1322 oestroque
1195 1244 1308 1305 minora

190 1355 206 1404 4
227 1349 335 1425 dupliei
357 1351 419 1410 aoie
441 1350 550 1410 eduxit.
585 1351 690 1426 Neque
711 1368 778 1410 eum
800 1349 893 1423 primo
915 1349 1012 1428 opinio
1034 1347 1147 1408 fefellit
1178 1347 1256 1406 Nam
1277 1350 1307 1406 et

228 1454 376 1534 pervenit,
397 1452 478 1529 prius
499 1471 587 1528 qnam
610 1453 769 1530 Pompeius
790 1453 898 1512 sentire
918 1456 1017 1530 posset
1038 1455 1068 1512 et
1089 1449 1201 1510 tametsi
1225 1453 1307 1509 erant

227 1555 404 1614 munitiones
431 1559 589 1616 nestrorum
617 1573 755 1631 magnae,
782 1551 880 1614 tamen
902 1554 1017 1615 sinistro
1048 1572 1151 1630 cornu,
1173 1551 1224 1612 nbi
1246 1554 1308 1610 erat

190 1657 295 1734 bipse,
318 1657 444 1718 eeleriter
465 1658 617 1734 adgressus
640 1657 834 1734 Pompeianos
856 1675 893 1716 ex
919 1657 995 1716 vallo
1019 1653 1193 1716 deturbavit.
1237 1653 1308 1713 Erat

170 1796 172 1800 -
227 1760 357 1820 obieotus
386 1764 487 1835 portae
509 1759 618 1823 ericius.
662 1759 720 1819 Hie
740 1759 888 1836 paulisper
909 1763 953 1819 est
977 1762 1156 1835 pugnatum,
1174 1774 1243 1834 ¹oum
1265 1756 1306 1836 in-

226 1879 360 1937 rumpere
387 1863 480 1922 nostri
507 1865 693 1940 soporentur,
722 1862 765 1921 illi
794 1866 887 1922 eastra
915 1859 1120 1926 defenderent.
1152 1857 1307 1919 fortissime
1346 1873 1348 1880 ·

226 1963 262 2023 T.
285 1963 435 2040 Puleione,
465 1963 546 2023 nnius
572 1981 661 2040 opera
687 1963 835 2041 proditum
865 1962 1021 2024 exereitum
1052 1961 1085 2025 0.
1114 1959 1233 2021 Antonii
1261 1959 1307 2042 de

195 2073 210 2121 6
231 2065 468 2142 monstravimus,
490 2083 525 2125 eo
546 2066 609 2126 loeo
631 2069 844 2143 propugnante.
890 2065 947 2124 Sed
969 2069 1066 2124 tamen
1088 2065 1179 2122 nostri
1201 2061 1308 2122 virtute

227 2169 359 2231 viserunt
372 2170 527 2242 excisoque
549 2168 634 2228 ericio
649 2170 775 2245 primum
790 2169 820 2226 in
836 2168 948 2227 maiora
969 2171 1070 2243 eastra,
1092 2169 1159 2243 post
1173 2163 1258 2225 etiam
1274 2165 1306 2222 in

227 2269 383 2344 castellum,
405 2269 484 2344 quod
507 2273 568 2328 erat
581 2269 723 2338 iuolnsnm
738 2269 896 2329 maioribus
914 2268 1023 2340 eastris,
1044 2268 1223 2344 inruperunt,
1245 2283 1304 2340 quo

226 2370 313 2447 pulsa
333 2372 411 2447 legio
432 2389 495 2431 sese
516 2376 676 2448 receperat,
700 2376 729 2431 et
749 2389 808 2431 non
831 2371 925 2432 nullos
946 2371 990 2431 ibi
1004 2374 1199 2448 repugnantes
1219 2369 1304 2427 inter

224 2471 365 2534 feserunt.
394 2539 397 2542 ,
1019 2547 1020 2550 ¹

312 2569 367 2662 68¹.
393 2576 450 2638 Sed
477 2575 609 2655 fortuna,
638 2593 715 2652 quae
742 2575 897 2651 plurimum
925 2579 1022 2652 potest
1044 2592 1110 2634 eum
1132 2575 1163 2632 in
1186 2569 1305 2644 reliquis

227 2678 314 2738 rebus
336 2684 398 2739 tum
419 2678 574 2754 praecipue
595 2681 626 2738 in
648 2678 738 2750 bello,
764 2679 863 2753 parvis
891 2675 1044 2736 momentis
1066 2691 1188 2749 magnas
1209 2689 1305 2733 rerum

191 2781 465 2841 teommutationes
487 2778 591 2857 effioit3
616 2786 649 2838 ut
671 2783 732 2838 tum
755 2778 867 2838 aeeidit.
900 2777 1092 2835 Munitionem
1109 2773 1194 2848 enim,
1216 2791 1305 2848 quam
1429 2811 1431 2816 ·

227 2884 372 2959 pertinere
400 2899 419 2940 a
446 2882 545 2939 oasuis
573 2880 610 2938 ad
643 2879 754 2944 flumen
786 2895 875 2953 supra
905 2875 1178 2948 demonstravimus,
1211 2873 1304 2932 dextri

229 2981 357 3042 (laeseris
372 2997 462 3040 oornn
477 2979 608 3039 cohortes
622 2979 788 3054 ignorantia
801 2977 856 3038 looi
870 2981 938 3037 sunt
957 2979 1081 3053 saeuae,
1104 2993 1168 3034 oum
1190 2979 1304 3049 portam

228 3088 399 3159 quaererent
431 3086 648 3157 eastrtnumqne
680 3099 743 3142 eam
776 3079 963 3140 munitionem
994 3096 1057 3138 esse
1089 3077 1304 3140 arbitrarentur.

191 3186 314 3260 ednod
340 3205 405 3246 enm
433 3189 509 3249 esset
538 3184 771 3244 animadversum
794 3183 975 3243 ooniunotam
1006 3199 1070 3240 eam
1098 3198 1160 3240 esse
1181 3172 1318 3255 flumini,¹

228 3291 356 3365 prorutis
378 3286 585 3348 munitionibus
599 3285 772 3358 defendente
786 3285 866 3344 nullo
886 3282 1132 3355 transcenderunt,
1155 3281 1305 3357 omnisque

228 3397 325 3452 nostor
347 3391 491 3467 equitatus
513 3407 562 3449 eas
585 3387 715 3449 cohortes
737 3391 781 3447 est
801 3391 925 3447 seoutus.

315 3487 378 3562 69.
394 3493 513 3552 Interim
536 3490 691 3568 Pompeius
718 3490 774 3550 heo
794 3490 865 3548 satis
892 3489 981 3564 longa
1002 3486 1153 3546 interiecta
1174 3503 1255 3546 mora
1277 3490 1305 3544 et

228 3597 415 3660 renuntiata
436 3615 456 3654 v
477 3593 605 3670 legiones
635 3593 673 3653 ab
704 3610 791 3669 opere
813 3591 950 3652 deductas
976 3589 1105 3649 subsidio
1134 3588 1192 3648 suis
1214 3587 1305 3662 duxit,

229 3700 389 3775 eodemque
400 3702 531 3772 tempore
543 3695 687 3771 equitatus
699 3695 760 3756 eius
774 3693 879 3754 nostris
892 3692 1037 3768 equitibus
1052 3689 1306 3768 adpropinquabat

229 3808 258 3862 et
280 3802 354 3863 acies
375 3800 515 3859 instructa
535 3800 681 3875 anostris,
705 3797 755 3872 qni
777 3801 871 3856 aesna
885 3797 1105 3871 oooupaveraut,
1127 3791 1305 3871 emebatur,

193 3909 208 3959 2
229 3905 386 3980 omniaque
407 3905 475 3961 sunt
496 3899 591 3960 subito
607 3903 725 3959 mutata
759 3897 939 3974 Pompeiana
959 3896 1036 3970 legio
1053 3894 1151 3953 celeris
1173 3911 1225 3969 spe
1239 3893 1304 3951 sub·

229 4007 294 4068 sidii
317 4004 489 4066 confirmata
516 4003 553 4062 ab
583 4002 744 4062 decumana
772 4003 857 4076 porta
878 4000 1009 4057 resistere
1038 3995 1197 4055 donabatur
1217 4000 1305 4070 atque
