2960 4500
526 264 528 268 ’
627 288 649 344 1.
668 291 777 342 er-oe.
1207 287 1247 346 29

170 462 368 536 universarum
401 462 560 523 cohortium
590 462 700 540 impetu
731 468 844 524 nostros
881 461 1016 539 propelli,
1053 461 1117 522 dein
1149 481 1248 523 rursus

170 583 323 626 eonversos
344 565 465 641 insequi.
509 565 591 626 Totis
612 584 680 626 vero
704 565 802 626 eastris
824 565 926 625 milites
950 565 1078 625 oiroulari
1100 570 1129 626 ot
1152 564 1250 626 dolere
1270 570 1285 619 3

172 666 283 728 hostem
312 685 348 728 ex
376 667 510 728 manibus
540 667 654 744 dimitti,
685 669 793 728 bellum
821 667 981 728 neeessario
1015 667 1130 744 longius
1164 667 1246 745 duei3

171 771 409 846 centurionesque
423 771 612 846 tribunosque
625 771 747 830 militurn
762 771 841 831 adire
860 775 947 846 atque
962 772 1120 847 obseerare,
1142 776 1176 830 ut
1196 788 1249 846 por

171 888 221 931 eos
243 871 348 932 Caesar
371 873 473 932 eertior
493 870 588 950 fieret,
615 891 653 932 ne
674 873 765 932 labori
786 891 839 933 suo
865 891 923 932 neu
952 873 1078 949 periculo
1100 877 1247 949 pareeret:

170 979 287 1050 paratos
320 992 381 1034 esse
408 992 484 1044 sese,
516 993 601 1051 posse
631 979 659 1034 et
686 975 793 1034 audere
820 993 855 1034 ea
883 975 1004 1035 transire
1029 973 1155 1052 flumen,
1188 992 1248 1050 qua

170 1074 318 1136 tre-duetus
340 1081 414 1137 esset
435 1076 588 1153 equitatus.
631 1076 761 1150 Quorum
789 1077 884 1137 studio
907 1082 936 1137 et
963 1076 1083 1138 voeibus
1107 1077 1247 1137 excitatus
1269 1081 1284 1130 4

170 1175 284 1250 Caesar,
300 1179 353 1238 etsi
367 1179 487 1240 timebat
501 1184 599 1239 tantae
610 1179 801 1256 magnitudini
811 1177 940 1239 fluminis
952 1173 1110 1239 exereitum
1125 1178 1247 1255 obidens,

169 1280 333 1339 donandum
355 1285 451 1342 tumen
474 1285 562 1357 etque
583 1281 789 1358 experiendum
810 1280 924 1340 iudicat
959 1282 1062 1356 Itaque
1076 1279 1248 1340 infirmiores
1269 1287 1284 1334 5

169 1381 272 1441 milites
294 1400 330 1441 ex
352 1383 486 1443 omnibus
508 1383 641 1444 eenturiis
669 1383 757 1460 deligi
782 1383 878 1460 iubet,
905 1401 1029 1459 quorum
1056 1387 1108 1442 aut
1133 1382 1247 1442 animus

167 1487 221 1542 aut
242 1483 316 1544 vires
330 1484 503 1546 videbantur
524 1486 664 1546 sustinere
678 1505 736 1546 non
758 1503 852 1563 posse.
877 1486 940 1545 Hos
962 1504 1027 1545 eum
1052 1485 1166 1562 legione
1187 1503 1248 1544 una
1269 1492 1284 1540 6

169 1585 311 1662 praesidio
344 1589 442 1648 eastris
471 1589 621 1667 relinquit3
655 1589 779 1665 reliquas
811 1588 939 1664 legiones
972 1588 1120 1666 expeditas
1151 1587 1247 1647 edueit

169 1705 335 1764 magnoque
362 1709 482 1752 numero
509 1691 702 1752 iumentorum
733 1690 763 1750 in
788 1689 909 1750 flumine
941 1708 1031 1767 supra
1055 1695 1143 1766 atque
1171 1687 1248 1748 infre

168 1790 324 1851 constituto
354 1793 478 1853 traduoit
514 1793 678 1854 exereibrm.
722 1792 810 1852 Pauei
841 1810 878 1852 ex
910 1791 954 1850 his
986 1791 1123 1851 militibus
1159 1789 1283 1851 ableti‘l

169 1889 291 1952 flumine
311 1893 349 1952 eb
377 1893 507 1969 equitatu
529 1893 712 1968 exeipiuntur
737 1911 770 1952 ae
798 1893 1000 1970 sublevantum
1030 1893 1127 1953 interit
1148 1897 1246 1952 tamen

169 2010 264 2054 nemo.
306 1994 452 2055 'lbadueto
474 1995 609 2055 ineolumi
636 1995 763 2056 exereitu
786 1995 882 2072 eopias
908 1994 1023 2054 instruit
1049 1993 1247 2070 triplieemque

170 2095 260 2164 aoiem
288 2096 392 2158 duoere
418 2096 527 2172 ineipit.
569 2098 614 2157 Ao
640 2101 752 2156 tantum
782 2095 838 2156 fuit
865 2097 895 2155 in
922 2095 1059 2156 militibus
1086 2094 1187 2171 studii,
1215 2099 1284 2154 ute

169 2196 279 2256 milium
301 2215 352 2258 sex
374 2198 413 2257 ed
432 2198 487 2258 iter
508 2198 605 2259 addito
621 2198 740 2260 eireuitu
753 2216 920 2274 magnaque
934 2198 972 2257 ad
991 2197 1098 2257 vadum
1120 2196 1248 2256 fluminis

169 2317 251 2360 mors
271 2299 440 2377 interposita
461 2319 523 2379 eos,
546 2302 596 2377 qui
617 2302 654 2362 de
674 2302 758 2362 tertia
778 2301 876 2378 vigida
898 2301 1035 2378 exissent,
1057 2304 1125 2360 anto
1145 2299 1246 2360 horam

168 2400 225 2462 diei
238 2421 312 2461 vnn.
333 2409 583 2480 consequerentur.

255 2499 312 2570 db.
336 2506 416 2580 Quos
437 2508 489 2567 nbi
503 2507 639 2568 Afranius
661 2508 762 2582 proeul
783 2507 859 2568 visos
880 2526 945 2568 eum
961 2507 1073 2568 Petreio
1089 2506 1246 2584 eonspexit,

169 2623 247 2665 nova
268 2625 300 2667 re
320 2609 486 2684 perterritus
507 2609 576 2670 loeis
597 2609 795 2686 superioribus
817 2609 944 2670 consistit
961 2610 1110 2685 aeiemque
1123 2608 1246 2668 instruit

170 2707 277 2767 Caesar
297 2707 327 2766 in
350 2710 457 2786 eampis
472 2711 627 2770 exereitum
650 2709 749 2789 reficit,
764 2729 808 2771 -ne
830 2710 975 2772 defessum
996 2710 1105 2787 proelio
1128 2709 1245 2787 obieiet3
1269 2717 1283 2768 t

169 2828 267 2870 rursus
290 2816 426 2880 sonantes
446 2813 581 2889 progredi
601 2814 764 2889 insequitur
785 2818 814 2874 et
839 2819 976 2874 moretur.
1019 2812 1065 2872 Illi
1086 2812 1245 2875 necessario
1267 2822 1282 2870 3

169 2913 324 2990 maturius,
353 2932 441 2990 quem
468 2915 688 2992 eonstitueraut,
717 2921 810 2976 sesua
836 2921 958 2993 ponunt
1003 2915 1148 2976 Suberant
1169 2915 1245 2974 enim

170 3019 283 3074 montes
297 3019 385 3090 atque
399 3033 417 3074 a
431 3016 545 3077 milibus
559 3035 698 3093 passuum
713 3037 733 3076 v
746 3017 849 3078 itinere
871 3016 1001 3078 difficilia
1018 3022 1106 3093 atque
1121 3023 1245 3093 angusta

170 3105 363 3190 excipiebant:
376 3114 429 3174 hos
440 3122 552 3177 montes
562 3119 669 3177 intrare
684 3118 845 3195 eupiebant,
860 3124 893 3178 ut
907 3119 1067 3194 equitatum
1083 3117 1247 3194 effugerent
1267 3128 1283 3177 4

170 3215 300 3278 caesaris
327 3216 532 3293 praesidiisque
558 3217 589 3277 in
618 3217 758 3294 angustiis
786 3220 939 3278 eonloeatis
968 3219 1123 3279 exereitum
1144 3219 1245 3278 itinere

170 3318 363 3396 prohiberent,
385 3319 439 3396 ipsi
460 3313 523 3380 sine
543 3321 670 3397 periculo
692 3339 727 3380 ae
747 3321 849 3381 timore
866 3321 1007 3381 Hiberum
1030 3321 1127 3396 eopias
1148 3320 1245 3380 uedu-

169 3426 275 3483 eerent
300 3420 387 3494 Quod
408 3420 464 3482 fuit
476 3422 530 3483 illis
545 3423 709 3483 donandum
724 3428 812 3499 etque
827 3423 905 3483 omni
919 3423 1030 3484 ratione
1045 3420 1246 3498 effitiendum3
1270 3434 1284 3483 5

170 3523 223 3582 sed
256 3523 344 3582 totius
375 3524 429 3584 diei
461 3543 562 3602 pugne
593 3530 681 3601 atque
711 3526 820 3586 itineris
851 3527 951 3586 labore
986 3524 1090 3586 defessi
1123 3543 1183 3585 rem
1216 3525 1245 3583 in

170 3629 316 3702 posterum
347 3625 422 3686 diem
450 3626 629 3688 distulerunt.
675 3627 780 3690 Caesar
807 3646 924 3705 quoque
951 3629 979 3687 in
1009 3627 1141 3704 proximo
1175 3626 1247 3686 eollo

168 3732 264 3789 eastra
284 3727 374 3805 ponit

256 3824 322 3893 bib
335 3831 431 3891 Media
457 3830 565 3892 oiroiter
592 3837 677 3892 noete
705 3831 756 3908 iis,
784 3832 834 3908 qui
860 3831 987 3908 aquandi
1017 3849 1104 3892 eausa
1131 3831 1246 3906 longius

169 3951 190 3991 a
211 3933 308 4008 eqstris
329 3939 541 4011 proeesserant‚
572 3935 609 3994 ab
632 3935 776 4010 equitibus
799 3935 935 4009 correptis
962 3933 998 3994 fit
1019 3935 1056 3994 ab
1078 3934 1122 3993 his
1145 3934 1248 3992 eertior
