2960 4500
228 259 268 318 34
602 260 654 315 DE
673 261 790 316 BELLO
809 260 923 316 OIVILI

188 441 340 496 anostros
381 435 492 512 repellit
520 454 538 495 a
570 436 669 496 casule
707 454 780 512 quos
812 436 976 514 deprendit,
1007 435 1148 498 interficit.
1193 437 1309 513 Reliqui

227 543 332 598 coeunt
360 537 434 598 inter
462 555 504 598 se
521 543 550 598 et
582 538 731 616 repentino
764 539 891 614 periculo
923 539 1049 599 exterriti
1076 539 1206 600 sinistras
1232 539 1310 616 sagis

225 640 379 700 involvunt
393 640 562 717 gladiosque
576 641 758 717 destringunt
768 645 856 717 atque
870 641 911 700 ita
925 659 957 702 se
972 659 991 700 a
1006 644 1138 702 caetratis
1153 642 1308 718 equitibua

227 759 284 817 quc
312 739 471 802 defendunt
493 748 650 802 castrorum
680 742 895 820 propinquitate
924 742 1026 803 confisi
1052 761 1141 819 seque
1161 743 1192 803 in
1215 749 1308 804 castra

225 844 366 921 recipiunt
388 849 417 904 et
439 846 477 904 ab
498 845 532 904 iis
554 845 728 921 cohortibus,
750 862 826 920 quae
848 851 930 906 erant
950 845 980 904 in
1002 845 1126 907 statione
1140 846 1177 906 ad
1200 851 1307 924 portas,

228 945 430 1009 defenduntur.

313 1042 369 1113 76.
392 1048 506 1122 Quibus
532 1049 620 1109 rebus
648 1047 785 1109 confectis
813 1047 888 1110 flens
917 1049 1046 1111 Petreius
1072 1051 1236 1128 manipulos
1258 1051 1307 1112 cir·

226 1151 314 1212 cnmit
352 1151 513 1227 militesque
545 1152 673 1228 appellat
709 1167 766 1210 neu
799 1168 830 1210 se
862 1170 920 1212 nen
953 1152 1123 1228 Pompeium
1158 1154 1306 1214 absentem

224 1254 426 1332 imperatorem
448 1271 532 1314 suum
555 1254 723 1315 adversariis
745 1257 784 1316 ad
804 1255 981 1332 supplioinm
1010 1256 1139 1333 madent,
1168 1256 1307 1317 obsecrat

187 1365 202 1414 2
223 1357 270 1416 Fit
293 1356 420 1416 celeriter
442 1375 597 1417 concursus
618 1357 647 1416 in
669 1359 855 1434 praetorium.
887 1358 1026 1436 Postulat,
1047 1362 1081 1417 nt
1094 1357 1190 1418 iurent
1206 1376 1306 1418 omnes

225 1475 255 1518 se
277 1459 433 1518 exercitum
463 1459 608 1535 ducesque
636 1478 694 1520 non
725 1462 887 1522 deserturos
909 1478 1004 1536 neque
1025 1459 1190 1535 prodituros
1211 1477 1307 1535 noque

187 1568 202 1617 3
223 1559 278 1620 sibi
301 1560 454 1637 separatim
477 1579 495 1619 a
517 1561 635 1638 reliquis
662 1562 811 1623 consilium
838 1567 982 1640 capturos.
1026 1561 1162 1638 Princeps
1183 1561 1213 1619 in
1235 1560 1307 1620 haec

223 1663 314 1722 verba
334 1663 410 1723 iurat
436 1662 512 1742 ipso;
541 1663 617 1723 idem
644 1664 689 1724 ius
714 1664 868 1724 iurandum
897 1663 988 1740 adigit
1009 1662 1178 1741 Afraninm3
1208 1663 1305 1722 subse

225 1768 354 1839 quuntur
378 1764 487 1824 tribuni
519 1764 641 1824 militnm
670 1765 923 1844 centurionesque3
959 1764 1138 1826 centuriatim
1172 1763 1305 1841 producti

186 1876 201 1924 4
221 1865 325 1926 milites
347 1866 423 1927 idem
444 1866 548 1926 iurant
591 1866 732 1942 Edicnnt,
754 1886 843 1944 penes
864 1886 951 1943 quern
974 1868 1096 1944 quisque
1117 1867 1154 1928 eit
1177 1867 1305 1929 Caesaris

224 1969 319 2046 miles,
345 1974 379 2029 ut
403 1970 557 2046 producat:
584 1969 740 2045 productos
772 1971 869 2047 palam
898 1971 928 2030 in
955 1970 1100 2047 praetorio
1121 1969 1306 2030 interficiunt.

224 2071 281 2132 Sed
302 2073 454 2149 plerosque
476 2071 512 2150 ii,
539 2071 589 2147 qui
610 2077 792 2150 receperant,
822 2073 916 2133 celant
941 2077 1089 2149 noctuque
1116 2091 1168 2149 per
1196 2073 1304 2132 vallum

193 2173 365 2234 demittunt
409 2173 457 2234 Sic
478 2178 569 2234 terror
590 2175 704 2234 oblatus
726 2193 744 2234 a
766 2175 900 2252 ducibus,
929 2174 1081 2235 crudelitas
1102 2175 1131 2234 in
1155 2174 1304 2252 supplicio,

222 2293 300 2336 nova
331 2275 430 2352 religio
463 2275 532 2335 iuris
566 2275 682 2336 iurandi
707 2295 788 2352 spem
814 2277 972 2354 praesentis
1004 2276 1154 2336 deditionis
1188 2276 1303 2337 sustulit

221 2384 390 2455 mentesque
411 2377 533 2439 militum
556 2379 697 2439 convertit
718 2383 747 2438 et
761 2396 821 2438 rem
840 2380 877 2438 ad
899 2378 1049 2455 pristinam
1071 2379 1137 2438 belli
1162 2379 1301 2439 rationem

220 2481 339 2558 redegit.

307 2576 360 2648 77.
384 2583 489 2644 Caesar
511 2584 561 2661 qui
582 2583 685 2644 milites
707 2582 936 2644 adversariorum
956 2584 986 2641 in
1002 2587 1094 2642 casua
1115 2599 1167 2659 per
1188 2586 1302 2658 tempus

225 2685 369 2761 conloquii
390 2691 543 2763 venerant,
572 2703 686 2744 summa
707 2685 857 2761 diligentia
879 2684 1008 2760 conquiri
1036 2689 1065 2744 et
1086 2684 1191 2744 remitti
1212 2683 1301 2744 iubet.

185 2798 199 2848 2
225 2787 282 2847 Sed
304 2806 341 2847 ex
362 2805 482 2846 numero
512 2785 693 2845 tribunorum
722 2784 843 2844 militnm
871 2785 1129 2860 centurionumque
1151 2803 1210 2844 non
1232 2784 1303 2844 nulli

223 2906 277 2948 sua
297 2889 446 2948 voluntate
469 2887 548 2964 apud
569 2905 635 2947 eum
657 2892 864 2946 remanserunt.
902 2886 982 2961 Quos
1003 2886 1051 2946 ille
1071 2891 1174 2962 postea
1194 2904 1301 2966 magno

222 2991 251 3049 in
288 2989 398 3050 honore
433 2989 550 3066 habuit3
587 2989 767 3050 centuriones
803 2989 832 3048 in
875 2989 985 3066 priores
1026 2988 1155 3065 ordines,
1192 2988 1303 3064 equites

223 3093 370 3151 Romanos
391 3090 421 3149 in
444 3091 627 3152 tribunicium
649 3090 773 3152 restituit
793 3090 942 3151 honorem.

308 3186 362 3258 78.
384 3194 616 3255 Prohibebantnr
630 3193 781 3253 Afraniani
797 3194 993 3271 pabulatione,
1008 3194 1191 3269 aquabantur
1206 3209 1301 3268 aegre

224 3297 373 3358 Frumenti
394 3297 505 3374 copiam
528 3296 676 3374 legionarii
698 3315 757 3356 non
780 3297 887 3355 nullam
911 3295 1066 3372 habebant,
1092 3295 1170 3371 quod
1192 3295 1303 3354 dierum

186 3409 200 3458 2
223 3417 266 3458 vn
281 3401 318 3460 ab
334 3400 429 3459 Ilerda
449 3397 627 3458 frumentum
641 3397 711 3457 iussi
726 3402 807 3458 erant
821 3396 933 3474 efferre,
957 3398 1076 3457 caetrati
1091 3396 1303 3473 auxiliaresque

223 3502 348 3580 nnllam,
376 3519 500 3578 quorum
530 3505 611 3560 erant
640 3505 669 3560 et
698 3499 849 3561 facultates
877 3500 914 3559 ad
941 3499 1103 3576 parandum
1129 3499 1252 3576 exiguae
1273 3505 1303 3561 et

225 3621 346 3680 corpora
367 3603 480 3663 insueta
495 3602 533 3661 ad
548 3621 636 3662 onera
650 3604 801 3679 portanda.
829 3604 932 3678 Itaque
947 3620 1071 3679 magnus
1086 3620 1185 3662 eorum
1201 3601 1303 3662 cotidie

186 3715 360 3766 enumerus
382 3705 419 3764 ad
442 3703 593 3764 Caesarem
623 3704 815 3782 periugiebat.
860 3705 895 3764 In
921 3705 965 3765 bis
992 3709 1053 3765 erat
1082 3703 1221 3780 angustiis
1248 3721 1303 3766 res.

226 3807 283 3869 Sed
305 3825 341 3868 ex
362 3807 515 3885 propositis
538 3807 661 3868 consiliis
683 3807 797 3867 duobus
819 3807 978 3884 explicitius
1003 3807 1155 3867 videbatur
1178 3804 1301 3865 Ilerdam

224 3912 345 3987 reverti,
366 3911 445 3986 quod
466 3909 506 3970 ibi
527 3911 647 3987 paulum
669 3909 806 3970 frumenti
826 3909 1015 3986 reliquerant3
1044 3908 1084 3968 ibi
1106 3926 1137 3968 se
1159 3908 1301 3983 reliquum
