<?xml version="1.0" encoding="UTF-8"?>
<!DOCTYPE html PUBLIC "-//W3C//DTD XHTML 1.0 Transitional//EN"
    "http://www.w3.org/TR/xhtml1/DTD/xhtml1-transitional.dtd">
<html xmlns="http://www.w3.org/1999/xhtml" xml:lang="en" lang="en">
 <head>
  <title>
</title>
<meta http-equiv="Content-Type" content="text/html;charset=utf-8" />
  <meta name='ocr-system' content='tesseract 3.04.00' />
  <meta name='ocr-capabilities' content='ocr_page ocr_carea ocr_par ocr_line ocrx_word'/>
</head>
<body>
  <div class='ocr_page' id='page_1' title='image "./ciuliicaesarisd00meusgoog_0047.png"; bbox 0 0 2964 4506; ppageno 0'>
   <div class='ocr_carea' id='block_1_1' title="bbox 645 252 1245 308">
    <p class='ocr_par' dir='ltr' id='par_1_1' title="bbox 645 252 1245 308">
     <span class='ocr_line' id='line_1_1' title="bbox 645 252 1245 308; baseline 0.002 -1"><span class='ocrx_word' id='word_1_1' title='bbox 645 252 679 307; x_wconf 88' lang='lat' dir='ltr'><strong>H.</strong></span> <span class='ocrx_word' id='word_1_2' title='bbox 700 257 774 307; x_wconf 83' lang='lat'><strong>1-5.</strong></span> <span class='ocrx_word' id='word_1_3' title='bbox 1204 252 1245 308; x_wconf 82' lang='lat'><strong>41</strong></span> 
     </span>
    </p>
   </div>
   <div class='ocr_carea' id='block_1_2' title="bbox 109 422 1291 3975">
    <p class='ocr_par' dir='ltr' id='par_1_2' title="bbox 109 422 1285 1422">
     <span class='ocr_line' id='line_1_2' title="bbox 253 422 1246 506; baseline -0.002 -20"><span class='ocrx_word' id='word_1_4' title='bbox 253 422 287 496; x_wconf 80' lang='lat'><strong>3.</strong></span> <span class='ocrx_word' id='word_1_5' title='bbox 310 429 427 489; x_wconf 80' lang='lat' dir='ltr'>Interim</span> <span class='ocrx_word' id='word_1_6' title='bbox 443 429 475 490; x_wconf 79' lang='lat' dir='ltr'>L</span> <span class='ocrx_word' id='word_1_7' title='bbox 490 428 637 506; x_wconf 81' lang='lat' dir='ltr'>Nasidius,</span> <span class='ocrx_word' id='word_1_8' title='bbox 660 428 697 487; x_wconf 90' lang='lat' dir='ltr'><strong>ab</strong></span> <span class='ocrx_word' id='word_1_9' title='bbox 714 426 765 487; x_wconf 85' lang='lat' dir='ltr'><strong>Gn.</strong></span> <span class='ocrx_word' id='word_1_10' title='bbox 781 425 919 503; x_wconf 93' lang='lat' dir='ltr'><strong>Pompeio</strong></span> <span class='ocrx_word' id='word_1_11' title='bbox 942 443 1007 485; x_wconf 93' lang='lat' dir='ltr'><strong>cum</strong></span> <span class='ocrx_word' id='word_1_12' title='bbox 1024 426 1114 485; x_wconf 87' lang='lat' dir='ltr'><strong>classe</strong></span> <span class='ocrx_word' id='word_1_13' title='bbox 1128 424 1246 485; x_wconf 91' lang='lat' dir='ltr'><strong>navium</strong></span> 
     </span>
     <span class='ocr_line' id='line_1_3' title="bbox 168 527 1247 608; baseline -0.002 -19"><span class='ocrx_word' id='word_1_14' title='bbox 168 549 229 608; x_wconf 72' lang='lat' dir='ltr'><strong>avr,</strong></span> <span class='ocrx_word' id='word_1_15' title='bbox 250 530 279 589; x_wconf 94' lang='lat' dir='ltr'><strong>in</strong></span> <span class='ocrx_word' id='word_1_16' title='bbox 302 532 409 607; x_wconf 92' lang='lat' dir='ltr'><strong>quibus</strong></span> <span class='ocrx_word' id='word_1_17' title='bbox 430 548 542 607; x_wconf 80' lang='lat' dir='ltr'>paucae</span> <span class='ocrx_word' id='word_1_18' title='bbox 563 535 645 590; x_wconf 90' lang='lat' dir='ltr'><strong>erant</strong></span> <span class='ocrx_word' id='word_1_19' title='bbox 667 534 790 607; x_wconf 82' lang='lat' dir='ltr'><strong>aeratae,</strong></span> <span class='ocrx_word' id='word_1_20' title='bbox 812 530 846 588; x_wconf 86' lang='lat' dir='ltr'><strong>L.</strong></span> <span class='ocrx_word' id='word_1_21' title='bbox 869 527 998 588; x_wconf 89' lang='lat' dir='ltr'><strong>Domitio</strong></span> <span class='ocrx_word' id='word_1_22' title='bbox 1012 527 1247 587; x_wconf 90' lang='lat' dir='ltr'><strong>Massiliensibus-</strong></span> 
     </span>
     <span class='ocr_line' id='line_1_4' title="bbox 166 629 1249 708; baseline -0.001 -18"><span class='ocrx_word' id='word_1_23' title='bbox 166 649 223 706; x_wconf 92' lang='lat' dir='ltr'><strong>que</strong></span> <span class='ocrx_word' id='word_1_24' title='bbox 244 631 371 692; x_wconf 89' lang='lat' dir='ltr'><strong>subsidio</strong></span> <span class='ocrx_word' id='word_1_25' title='bbox 407 633 509 692; x_wconf 89' lang='lat' dir='ltr'><strong>missus</strong></span> <span class='ocrx_word' id='word_1_26' title='bbox 534 631 608 692; x_wconf 87' lang='lat' dir='ltr'><strong>freto</strong></span> <span class='ocrx_word' id='word_1_27' title='bbox 633 631 746 692; x_wconf 78' lang='lat' dir='ltr'><strong>Siciliae</strong></span> <span class='ocrx_word' id='word_1_28' title='bbox 767 630 950 708; x_wconf 76' lang='lat' dir='ltr'><strong>imprudente</strong></span> <span class='ocrx_word' id='word_1_29' title='bbox 972 633 1059 705; x_wconf 90' lang='lat' dir='ltr'><strong>atque</strong></span> <span class='ocrx_word' id='word_1_30' title='bbox 1078 629 1249 705; x_wconf 83' lang='lat' dir='ltr'><strong>inopinante</strong></span> 
     </span>
     <span class='ocr_line' id='line_1_5' title="bbox 109 730 1285 811; baseline -0.002 -15"><span class='ocrx_word' id='word_1_31' title='bbox 109 775 111 780; x_wconf 91' lang='lat'><em>-</em></span> <span class='ocrx_word' id='word_1_32' title='bbox 171 733 296 796; x_wconf 77' lang='lat' dir='ltr'><strong>Curione</strong></span> <span class='ocrx_word' id='word_1_33' title='bbox 323 734 490 811; x_wconf 84' lang='lat' dir='ltr'><strong>pervehitur</strong></span> <span class='ocrx_word' id='word_1_34' title='bbox 518 734 705 810; x_wconf 82' lang='lat' dir='ltr'><strong>adpulsisque</strong></span> <span class='ocrx_word' id='word_1_35' title='bbox 732 733 894 792; x_wconf 78' lang='lat' dir='ltr'><strong>Messanam</strong></span> <span class='ocrx_word' id='word_1_36' title='bbox 923 730 1047 790; x_wconf 90' lang='lat' dir='ltr'><strong>navibus</strong></span> <span class='ocrx_word' id='word_1_37' title='bbox 1072 735 1161 806; x_wconf 91' lang='lat' dir='ltr'><strong>atque</strong></span> <span class='ocrx_word' id='word_1_38' title='bbox 1181 731 1285 794; x_wconf 73' lang='lat' dir='ltr'><strong>indat</strong></span> 
     </span>
     <span class='ocr_line' id='line_1_6' title="bbox 168 831 1249 914; baseline -0.002 -20"><span class='ocrx_word' id='word_1_39' title='bbox 168 842 287 914; x_wconf 90' lang='lat' dir='ltr'><strong>propter</strong></span> <span class='ocrx_word' id='word_1_40' title='bbox 317 836 498 914; x_wconf 88' lang='lat' dir='ltr'><strong>repentinum</strong></span> <span class='ocrx_word' id='word_1_41' title='bbox 528 841 665 896; x_wconf 91' lang='lat' dir='ltr'><strong>terrorem</strong></span> <span class='ocrx_word' id='word_1_42' title='bbox 695 835 854 914; x_wconf 76' lang='lat' dir='ltr'><strong>principum</strong></span> <span class='ocrx_word' id='word_1_43' title='bbox 879 852 912 894; x_wconf 88' lang='lat' dir='ltr'><strong>ao</strong></span> <span class='ocrx_word' id='word_1_44' title='bbox 940 837 1056 893; x_wconf 88' lang='lat' dir='ltr'><strong>senatus</strong></span> <span class='ocrx_word' id='word_1_45' title='bbox 1078 831 1151 910; x_wconf 90' lang='lat' dir='ltr'><strong>iuga</strong></span> <span class='ocrx_word' id='word_1_46' title='bbox 1171 833 1249 894; x_wconf 87' lang='lat' dir='ltr'><strong>lacta</strong></span> 
     </span>
     <span class='ocr_line' id='line_1_7' title="bbox 169 936 1285 1012; baseline -0.002 -14"><span class='ocrx_word' id='word_1_47' title='bbox 169 957 274 998; x_wconf 90' lang='lat' dir='ltr'><strong>navem</strong></span> <span class='ocrx_word' id='word_1_48' title='bbox 298 956 333 998; x_wconf 85' lang='lat' dir='ltr'><strong>ex</strong></span> <span class='ocrx_word' id='word_1_49' title='bbox 357 939 510 999; x_wconf 91' lang='lat' dir='ltr'><strong>navalibus</strong></span> <span class='ocrx_word' id='word_1_50' title='bbox 532 956 631 998; x_wconf 89' lang='lat' dir='ltr'><strong>eorum</strong></span> <span class='ocrx_word' id='word_1_51' title='bbox 655 937 778 999; x_wconf 77' lang='lat' dir='ltr'><strong>deducit.</strong></span> <span class='ocrx_word' id='word_1_52' title='bbox 823 937 888 998; x_wconf 90' lang='lat' dir='ltr'><strong>Hac</strong></span> <span class='ocrx_word' id='word_1_53' title='bbox 909 936 1044 996; x_wconf 89' lang='lat' dir='ltr'><strong>adiuncta</strong></span> <span class='ocrx_word' id='word_1_54' title='bbox 1065 937 1103 994; x_wconf 92' lang='lat' dir='ltr'><strong>ad</strong></span> <span class='ocrx_word' id='word_1_55' title='bbox 1124 936 1248 1012; x_wconf 90' lang='lat' dir='ltr'><strong>reliquas</strong></span> <span class='ocrx_word' id='word_1_56' title='bbox 1269 949 1285 996; x_wconf 87' lang='lat'><strong>3</strong></span> 
     </span>
     <span class='ocr_line' id='line_1_8' title="bbox 169 1038 1248 1117; baseline -0.001 -18"><span class='ocrx_word' id='word_1_57' title='bbox 169 1058 259 1100; x_wconf 88' lang='lat' dir='ltr'><strong>naves</strong></span> <span class='ocrx_word' id='word_1_58' title='bbox 282 1058 395 1100; x_wconf 92' lang='lat' dir='ltr'><strong>cursum</strong></span> <span class='ocrx_word' id='word_1_59' title='bbox 415 1041 572 1100; x_wconf 88' lang='lat' dir='ltr'><strong>Massiliam</strong></span> <span class='ocrx_word' id='word_1_60' title='bbox 596 1059 696 1101; x_wconf 88' lang='lat' dir='ltr'><strong>versus</strong></span> <span class='ocrx_word' id='word_1_61' title='bbox 717 1039 832 1117; x_wconf 84' lang='lat' dir='ltr'><strong>perlicit</strong></span> <span class='ocrx_word' id='word_1_62' title='bbox 853 1038 1067 1117; x_wconf 88' lang='lat' dir='ltr'><strong>praemissaque</strong></span> <span class='ocrx_word' id='word_1_63' title='bbox 1083 1039 1155 1099; x_wconf 91' lang='lat' dir='ltr'><strong>clam</strong></span> <span class='ocrx_word' id='word_1_64' title='bbox 1171 1039 1248 1098; x_wconf 87' lang='lat' dir='ltr'><strong>navi-</strong></span> 
     </span>
     <span class='ocr_line' id='line_1_9' title="bbox 169 1140 1250 1218; baseline -0.001 -15"><span class='ocrx_word' id='word_1_65' title='bbox 169 1145 234 1203; x_wconf 90' lang='lat' dir='ltr'><strong>cula</strong></span> <span class='ocrx_word' id='word_1_66' title='bbox 262 1143 420 1202; x_wconf 89' lang='lat' dir='ltr'><strong>Domitium</strong></span> <span class='ocrx_word' id='word_1_67' title='bbox 452 1142 700 1218; x_wconf 88' lang='lat' dir='ltr'><strong>Massiliensesque</strong></span> <span class='ocrx_word' id='word_1_68' title='bbox 728 1143 765 1202; x_wconf 92' lang='lat' dir='ltr'><strong>de</strong></span> <span class='ocrx_word' id='word_1_69' title='bbox 794 1161 847 1202; x_wconf 91' lang='lat' dir='ltr'><strong>suo</strong></span> <span class='ocrx_word' id='word_1_70' title='bbox 876 1142 1003 1201; x_wconf 91' lang='lat' dir='ltr'><strong>adventu</strong></span> <span class='ocrx_word' id='word_1_71' title='bbox 1026 1141 1159 1201; x_wconf 86' lang='lat' dir='ltr'><strong>certiores</strong></span> <span class='ocrx_word' id='word_1_72' title='bbox 1180 1140 1250 1202; x_wconf 90' lang='lat' dir='ltr'><strong>lacit</strong></span> 
     </span>
     <span class='ocr_line' id='line_1_10' title="bbox 169 1243 1250 1322; baseline -0.002 -18"><span class='ocrx_word' id='word_1_73' title='bbox 169 1262 276 1320; x_wconf 90' lang='lat' dir='ltr'><strong>eosque</strong></span> <span class='ocrx_word' id='word_1_74' title='bbox 298 1263 475 1322; x_wconf 84' lang='lat' dir='ltr'><strong>magnopere</strong></span> <span class='ocrx_word' id='word_1_75' title='bbox 497 1244 645 1321; x_wconf 80' lang='lat' dir='ltr'><strong>hortatur,</strong></span> <span class='ocrx_word' id='word_1_76' title='bbox 666 1249 699 1304; x_wconf 92' lang='lat' dir='ltr'><strong>nt</strong></span> <span class='ocrx_word' id='word_1_77' title='bbox 720 1262 819 1304; x_wconf 90' lang='lat' dir='ltr'><strong>rursus</strong></span> <span class='ocrx_word' id='word_1_78' title='bbox 841 1262 906 1303; x_wconf 91' lang='lat' dir='ltr'><strong>cum</strong></span> <span class='ocrx_word' id='word_1_79' title='bbox 929 1243 1012 1302; x_wconf 88' lang='lat' dir='ltr'><strong>Bruti</strong></span> <span class='ocrx_word' id='word_1_80' title='bbox 1035 1245 1124 1302; x_wconf 87' lang='lat' dir='ltr'><strong>classe</strong></span> <span class='ocrx_word' id='word_1_81' title='bbox 1146 1243 1250 1302; x_wconf 89' lang='lat' dir='ltr'><strong>additis</strong></span> 
     </span>
     <span class='ocr_line' id='line_1_11' title="bbox 168 1345 551 1422; baseline 0.005 -18"><span class='ocrx_word' id='word_1_82' title='bbox 168 1347 227 1405; x_wconf 92' lang='lat' dir='ltr'><strong>suis</strong></span> <span class='ocrx_word' id='word_1_83' title='bbox 249 1345 361 1404; x_wconf 86' lang='lat' dir='ltr'><strong>auxiliis</strong></span> <span class='ocrx_word' id='word_1_84' title='bbox 383 1345 551 1422; x_wconf 87' lang='lat' dir='ltr'><strong>confligant.</strong></span> 
     </span>
    </p>

    <p class='ocr_par' dir='ltr' id='par_1_3' title="bbox 169 1445 1288 3057">
     <span class='ocr_line' id='line_1_12' title="bbox 251 1445 1250 1526; baseline -0.003 -17"><span class='ocrx_word' id='word_1_85' title='bbox 251 1445 284 1509; x_wconf 81' lang='lat'><strong>4.</strong></span> <span class='ocrx_word' id='word_1_86' title='bbox 310 1447 500 1508; x_wconf 88' lang='lat' dir='ltr'><strong>Massilienses</strong></span> <span class='ocrx_word' id='word_1_87' title='bbox 514 1453 582 1526; x_wconf 91' lang='lat' dir='ltr'><strong>post</strong></span> <span class='ocrx_word' id='word_1_88' title='bbox 605 1447 736 1526; x_wconf 89' lang='lat' dir='ltr'><strong>superius</strong></span> <span class='ocrx_word' id='word_1_89' title='bbox 755 1447 970 1508; x_wconf 88' lang='lat' dir='ltr'><strong>incommodum</strong></span> <span class='ocrx_word' id='word_1_90' title='bbox 989 1452 1100 1507; x_wconf 90' lang='lat' dir='ltr'><strong>veteres</strong></span> <span class='ocrx_word' id='word_1_91' title='bbox 1122 1447 1159 1506; x_wconf 93' lang='lat' dir='ltr'><strong>ad</strong></span> <span class='ocrx_word' id='word_1_92' title='bbox 1182 1464 1250 1506; x_wconf 90' lang='lat' dir='ltr'><strong>eun·</strong></span> 
     </span>
     <span class='ocr_line' id='line_1_13' title="bbox 169 1548 1249 1628; baseline -0.002 -20"><span class='ocrx_word' id='word_1_93' title='bbox 169 1550 235 1610; x_wconf 92' lang='lat' dir='ltr'><strong>dem</strong></span> <span class='ocrx_word' id='word_1_94' title='bbox 256 1568 409 1610; x_wconf 92' lang='lat' dir='ltr'><strong>numerum</strong></span> <span class='ocrx_word' id='word_1_95' title='bbox 433 1569 469 1610; x_wconf 84' lang='lat' dir='ltr'><strong>ex</strong></span> <span class='ocrx_word' id='word_1_96' title='bbox 490 1551 643 1611; x_wconf 89' lang='lat' dir='ltr'><strong>navalibus</strong></span> <span class='ocrx_word' id='word_1_97' title='bbox 665 1550 821 1628; x_wconf 89' lang='lat' dir='ltr'><strong>productas</strong></span> <span class='ocrx_word' id='word_1_98' title='bbox 835 1567 925 1610; x_wconf 90' lang='lat' dir='ltr'><strong>naves</strong></span> <span class='ocrx_word' id='word_1_99' title='bbox 946 1548 1104 1610; x_wconf 88' lang='lat' dir='ltr'><strong>refecerant</strong></span> <span class='ocrx_word' id='word_1_100' title='bbox 1125 1566 1249 1608; x_wconf 90' lang='lat' dir='ltr'><strong>summa·</strong></span> 
     </span>
     <span class='ocr_line' id='line_1_14' title="bbox 169 1652 1250 1730; baseline -0.001 -19"><span class='ocrx_word' id='word_1_101' title='bbox 169 1670 226 1728; x_wconf 91' lang='lat' dir='ltr'><strong>que</strong></span> <span class='ocrx_word' id='word_1_102' title='bbox 248 1652 388 1712; x_wconf 86' lang='lat' dir='ltr'><strong>indushia</strong></span> <span class='ocrx_word' id='word_1_103' title='bbox 410 1658 593 1713; x_wconf 86' lang='lat' dir='ltr'><strong>armaverant</strong></span> <span class='ocrx_word' id='word_1_104' title='bbox 608 1653 773 1730; x_wconf 86' lang='lat' dir='ltr'><strong>(remigum,</strong></span> <span class='ocrx_word' id='word_1_105' title='bbox 796 1654 1023 1730; x_wconf 82' lang='lat' dir='ltr'><strong>gubernatorum</strong></span> <span class='ocrx_word' id='word_1_106' title='bbox 1038 1669 1146 1727; x_wconf 94' lang='lat' dir='ltr'><strong>magna</strong></span> <span class='ocrx_word' id='word_1_107' title='bbox 1167 1652 1250 1727; x_wconf 90' lang='lat' dir='ltr'><strong>copia</strong></span> 
     </span>
     <span class='ocr_line' id='line_1_15' title="bbox 169 1754 1287 1834; baseline -0.001 -21"><span class='ocrx_word' id='word_1_108' title='bbox 169 1754 354 1834; x_wconf 82' lang='lat' dir='ltr'><strong>suppetebat)</strong></span> <span class='ocrx_word' id='word_1_109' title='bbox 368 1755 593 1832; x_wconf 89' lang='lat' dir='ltr'><strong>piscatoriasque</strong></span> <span class='ocrx_word' id='word_1_110' title='bbox 609 1755 773 1816; x_wconf 88' lang='lat' dir='ltr'><strong>adiecerant</strong></span> <span class='ocrx_word' id='word_1_111' title='bbox 787 1761 875 1831; x_wconf 86' lang='lat' dir='ltr'><strong>atquo</strong></span> <span class='ocrx_word' id='word_1_112' title='bbox 892 1758 1086 1830; x_wconf 83' lang='lat' dir='ltr'><strong>contexerant,</strong></span> <span class='ocrx_word' id='word_1_113' title='bbox 1108 1758 1142 1813; x_wconf 92' lang='lat' dir='ltr'><strong>ut</strong></span> <span class='ocrx_word' id='word_1_114' title='bbox 1157 1756 1251 1812; x_wconf 88' lang='lat' dir='ltr'><strong>essent</strong></span> <span class='ocrx_word' id='word_1_115' title='bbox 1272 1763 1287 1812; x_wconf 79' lang='lat' dir='ltr'><strong>t</strong></span> 
     </span>
     <span class='ocr_line' id='line_1_16' title="bbox 170 1855 1249 1933; baseline -0.002 -19"><span class='ocrx_word' id='word_1_116' title='bbox 170 1857 208 1915; x_wconf 92' lang='lat' dir='ltr'><strong>ab</strong></span> <span class='ocrx_word' id='word_1_117' title='bbox 231 1855 288 1915; x_wconf 90' lang='lat' dir='ltr'><strong>ictu</strong></span> <span class='ocrx_word' id='word_1_118' title='bbox 311 1857 433 1916; x_wconf 91' lang='lat' dir='ltr'><strong>telorum</strong></span> <span class='ocrx_word' id='word_1_119' title='bbox 455 1856 578 1933; x_wconf 86' lang='lat' dir='ltr'><strong>remiges</strong></span> <span class='ocrx_word' id='word_1_120' title='bbox 600 1857 663 1916; x_wconf 90' lang='lat' dir='ltr'><strong>tuti.</strong></span> <span class='ocrx_word' id='word_1_121' title='bbox 684 1857 747 1916; x_wconf 91' lang='lat' dir='ltr'><strong>Has</strong></span> <span class='ocrx_word' id='word_1_122' title='bbox 770 1857 924 1933; x_wconf 88' lang='lat' dir='ltr'><strong>sagittariis</strong></span> <span class='ocrx_word' id='word_1_123' title='bbox 946 1855 1152 1930; x_wconf 89' lang='lat' dir='ltr'><strong>tormentisque</strong></span> <span class='ocrx_word' id='word_1_124' title='bbox 1175 1872 1249 1916; x_wconf 90' lang='lat' dir='ltr'><strong>oom-</strong></span> 
     </span>
     <span class='ocr_line' id='line_1_17' title="bbox 170 1956 1287 2032; baseline 0.002 -18"><span class='ocrx_word' id='word_1_125' title='bbox 170 1956 330 2032; x_wconf 90' lang='lat' dir='ltr'><strong>pleverunt.</strong></span> <span class='ocrx_word' id='word_1_126' title='bbox 361 1956 426 2016; x_wconf 86' lang='lat' dir='ltr'><strong>Tali</strong></span> <span class='ocrx_word' id='word_1_127' title='bbox 440 1957 527 2017; x_wconf 93' lang='lat' dir='ltr'><strong>modo</strong></span> <span class='ocrx_word' id='word_1_128' title='bbox 548 1957 688 2018; x_wconf 90' lang='lat' dir='ltr'><strong>instructa</strong></span> <span class='ocrx_word' id='word_1_129' title='bbox 702 1958 792 2019; x_wconf 88' lang='lat' dir='ltr'><strong>classe</strong></span> <span class='ocrx_word' id='word_1_130' title='bbox 806 1957 935 2017; x_wconf 91' lang='lat' dir='ltr'><strong>omnium</strong></span> <span class='ocrx_word' id='word_1_131' title='bbox 950 1957 1103 2032; x_wconf 86' lang='lat' dir='ltr'><strong>seniorum,</strong></span> <span class='ocrx_word' id='word_1_132' title='bbox 1125 1960 1250 2014; x_wconf 89' lang='lat' dir='ltr'><strong>matrum</strong></span> <span class='ocrx_word' id='word_1_133' title='bbox 1271 1967 1287 2016; x_wconf 81' lang='grc'><strong>3</strong></span> 
     </span>
     <span class='ocr_line' id='line_1_18' title="bbox 173 2057 1251 2136; baseline 0.002 -19"><span class='ocrx_word' id='word_1_134' title='bbox 173 2057 314 2136; x_wconf 86' lang='lat' dir='ltr'><strong>familiae,</strong></span> <span class='ocrx_word' id='word_1_135' title='bbox 341 2060 485 2136; x_wconf 86' lang='lat' dir='ltr'><strong>virginum</strong></span> <span class='ocrx_word' id='word_1_136' title='bbox 508 2061 642 2136; x_wconf 91' lang='lat' dir='ltr'><strong>precibus</strong></span> <span class='ocrx_word' id='word_1_137' title='bbox 664 2064 693 2119; x_wconf 88' lang='lat' dir='ltr'><strong>et</strong></span> <span class='ocrx_word' id='word_1_138' title='bbox 714 2058 786 2119; x_wconf 85' lang='lat' dir='ltr'><strong>fletu</strong></span> <span class='ocrx_word' id='word_1_139' title='bbox 813 2059 943 2134; x_wconf 86' lang='lat' dir='ltr'><strong>excitati,</strong></span> <span class='ocrx_word' id='word_1_140' title='bbox 969 2063 1098 2118; x_wconf 88' lang='lat' dir='ltr'><strong>extremo</strong></span> <span class='ocrx_word' id='word_1_141' title='bbox 1120 2063 1251 2134; x_wconf 87' lang='lat' dir='ltr'><strong>tempore</strong></span> 
     </span>
     <span class='ocr_line' id='line_1_19' title="bbox 173 2159 1251 2239; baseline 0.001 -19"><span class='ocrx_word' id='word_1_142' title='bbox 173 2160 280 2221; x_wconf 84' lang='lat' dir='ltr'><strong>civitati</strong></span> <span class='ocrx_word' id='word_1_143' title='bbox 302 2161 503 2239; x_wconf 89' lang='lat' dir='ltr'><strong>subvenirent,</strong></span> <span class='ocrx_word' id='word_1_144' title='bbox 532 2180 591 2222; x_wconf 92' lang='lat' dir='ltr'><strong>non</strong></span> <span class='ocrx_word' id='word_1_145' title='bbox 614 2162 725 2221; x_wconf 90' lang='lat' dir='ltr'><strong>minore</strong></span> <span class='ocrx_word' id='word_1_146' title='bbox 746 2163 844 2222; x_wconf 93' lang='lat' dir='ltr'><strong>animo</strong></span> <span class='ocrx_word' id='word_1_147' title='bbox 871 2180 905 2222; x_wconf 92' lang='lat' dir='ltr'><strong>ac</strong></span> <span class='ocrx_word' id='word_1_148' title='bbox 929 2159 1051 2239; x_wconf 83' lang='lat' dir='ltr'><strong>fiducia,</strong></span> <span class='ocrx_word' id='word_1_149' title='bbox 1073 2180 1160 2236; x_wconf 92' lang='lat' dir='ltr'><strong>quam</strong></span> <span class='ocrx_word' id='word_1_150' title='bbox 1183 2167 1251 2222; x_wconf 90' lang='lat' dir='ltr'><strong>ante</strong></span> 
     </span>
     <span class='ocr_line' id='line_1_20' title="bbox 174 2261 1288 2342; baseline 0 -20"><span class='ocrx_word' id='word_1_151' title='bbox 174 2262 389 2341; x_wconf 88' lang='lat' dir='ltr'><strong>dimicaverant,</strong></span> <span class='ocrx_word' id='word_1_152' title='bbox 402 2281 491 2323; x_wconf 90' lang='lat' dir='ltr'><strong>naves</strong></span> <span class='ocrx_word' id='word_1_153' title='bbox 504 2264 709 2324; x_wconf 88' lang='lat' dir='ltr'><strong>conscendunt.</strong></span> <span class='ocrx_word' id='word_1_154' title='bbox 734 2263 888 2324; x_wconf 77' lang='lat' dir='ltr'><strong>Communi</strong></span> <span class='ocrx_word' id='word_1_155' title='bbox 899 2264 974 2324; x_wconf 90' lang='lat' dir='ltr'><strong>enim</strong></span> <span class='ocrx_word' id='word_1_156' title='bbox 989 2261 1024 2323; x_wconf 86' lang='lat' dir='ltr'><strong>iit</strong></span> <span class='ocrx_word' id='word_1_157' title='bbox 1038 2263 1108 2324; x_wconf 93' lang='lat' dir='ltr'><strong>vitio</strong></span> <span class='ocrx_word' id='word_1_158' title='bbox 1123 2269 1252 2342; x_wconf 88' lang='lat' dir='ltr'><strong>naturae,</strong></span> <span class='ocrx_word' id='word_1_159' title='bbox 1273 2273 1288 2322; x_wconf 80' lang='lat' dir='ltr'><strong>t</strong></span> 
     </span>
     <span class='ocr_line' id='line_1_21' title="bbox 171 2364 1251 2442; baseline 0.002 -18"><span class='ocrx_word' id='word_1_160' title='bbox 171 2369 204 2424; x_wconf 93' lang='lat' dir='ltr'><strong>ut</strong></span> <span class='ocrx_word' id='word_1_161' title='bbox 225 2364 375 2425; x_wconf 89' lang='lat' dir='ltr'><strong>invisitatis</strong></span> <span class='ocrx_word' id='word_1_162' title='bbox 398 2370 486 2442; x_wconf 90' lang='lat' dir='ltr'><strong>atque</strong></span> <span class='ocrx_word' id='word_1_163' title='bbox 508 2365 660 2442; x_wconf 87' lang='lat' dir='ltr'><strong>incognitis</strong></span> <span class='ocrx_word' id='word_1_164' title='bbox 682 2367 769 2426; x_wconf 91' lang='lat' dir='ltr'><strong>rebus</strong></span> <span class='ocrx_word' id='word_1_165' title='bbox 791 2366 884 2442; x_wconf 86' lang='lat' dir='ltr'><strong>magis</strong></span> <span class='ocrx_word' id='word_1_166' title='bbox 899 2364 1079 2426; x_wconf 74' lang='lat' dir='ltr'><strong>confidamus</strong></span> <span class='ocrx_word' id='word_1_167' title='bbox 1100 2365 1251 2426; x_wconf 82' lang='lat' dir='ltr'><strong>vehemen·</strong></span> 
     </span>
     <span class='ocr_line' id='line_1_22' title="bbox 170 2467 1250 2546; baseline 0 -20"><span class='ocrx_word' id='word_1_168' title='bbox 170 2467 286 2543; x_wconf 88' lang='lat' dir='ltr'><strong>tiusque</strong></span> <span class='ocrx_word' id='word_1_169' title='bbox 307 2472 518 2546; x_wconf 81' lang='lat' dir='ltr'><strong>extemeamur3</strong></span> <span class='ocrx_word' id='word_1_170' title='bbox 542 2473 574 2528; x_wconf 92' lang='lat' dir='ltr'><strong>ut</strong></span> <span class='ocrx_word' id='word_1_171' title='bbox 597 2473 658 2528; x_wconf 94' lang='lat' dir='ltr'><strong>tum</strong></span> <span class='ocrx_word' id='word_1_172' title='bbox 682 2468 791 2528; x_wconf 90' lang='lat' dir='ltr'><strong>accidit.</strong></span> <span class='ocrx_word' id='word_1_173' title='bbox 822 2468 974 2529; x_wconf 87' lang='lat' dir='ltr'><strong>Adventus</strong></span> <span class='ocrx_word' id='word_1_174' title='bbox 996 2468 1070 2528; x_wconf 93' lang='lat' dir='ltr'><strong>enim</strong></span> <span class='ocrx_word' id='word_1_175' title='bbox 1093 2469 1125 2528; x_wconf 88' lang='lat' dir='ltr'><strong>L.</strong></span> <span class='ocrx_word' id='word_1_176' title='bbox 1140 2467 1250 2528; x_wconf 90' lang='lat' dir='ltr'><strong>Nasidii</strong></span> 
     </span>
     <span class='ocr_line' id='line_1_23' title="bbox 171 2571 1288 2645; baseline -0.002 -17"><span class='ocrx_word' id='word_1_177' title='bbox 171 2587 285 2628; x_wconf 89' lang='lat' dir='ltr'><strong>summa</strong></span> <span class='ocrx_word' id='word_1_178' title='bbox 305 2587 358 2645; x_wconf 85' lang='lat' dir='ltr'><strong>spe</strong></span> <span class='ocrx_word' id='word_1_179' title='bbox 380 2575 409 2630; x_wconf 90' lang='lat' dir='ltr'><strong>et</strong></span> <span class='ocrx_word' id='word_1_180' title='bbox 429 2571 580 2630; x_wconf 89' lang='lat' dir='ltr'><strong>voluntate</strong></span> <span class='ocrx_word' id='word_1_181' title='bbox 602 2571 745 2630; x_wconf 78' lang='lat' dir='ltr'><strong>civitatem</strong></span> <span class='ocrx_word' id='word_1_182' title='bbox 769 2571 971 2645; x_wconf 90' lang='lat' dir='ltr'><strong>compleverat.</strong></span> <span class='ocrx_word' id='word_1_183' title='bbox 1007 2572 1094 2630; x_wconf 89' lang='lat' dir='ltr'><strong>Nacti</strong></span> <span class='ocrx_word' id='word_1_184' title='bbox 1116 2571 1250 2631; x_wconf 88' lang='lat' dir='ltr'><strong>idoneum</strong></span> <span class='ocrx_word' id='word_1_185' title='bbox 1273 2578 1288 2626; x_wconf 81' lang='lat'>5</span> 
     </span>
     <span class='ocr_line' id='line_1_24' title="bbox 170 2672 1250 2750; baseline 0 -20"><span class='ocrx_word' id='word_1_186' title='bbox 170 2676 289 2732; x_wconf 90' lang='lat' dir='ltr'><strong>ventum</strong></span> <span class='ocrx_word' id='word_1_187' title='bbox 308 2689 343 2731; x_wconf 85' lang='lat' dir='ltr'><strong>ex</strong></span> <span class='ocrx_word' id='word_1_188' title='bbox 365 2676 450 2749; x_wconf 88' lang='lat' dir='ltr'><strong>portu</strong></span> <span class='ocrx_word' id='word_1_189' title='bbox 474 2676 582 2731; x_wconf 84' lang='lat' dir='ltr'><strong>exeunt</strong></span> <span class='ocrx_word' id='word_1_190' title='bbox 596 2676 625 2732; x_wconf 92' lang='lat' dir='ltr'><strong>et</strong></span> <span class='ocrx_word' id='word_1_191' title='bbox 639 2673 818 2750; x_wconf 87' lang='lat' dir='ltr'><strong>Tauroenta,</strong></span> <span class='ocrx_word' id='word_1_192' title='bbox 841 2672 920 2748; x_wconf 93' lang='lat' dir='ltr'><strong>quod</strong></span> <span class='ocrx_word' id='word_1_193' title='bbox 935 2677 978 2732; x_wconf 87' lang='lat' dir='ltr'><strong>est</strong></span> <span class='ocrx_word' id='word_1_194' title='bbox 993 2672 1139 2732; x_wconf 89' lang='lat' dir='ltr'><strong>castellum</strong></span> <span class='ocrx_word' id='word_1_195' title='bbox 1154 2672 1250 2732; x_wconf 90' lang='lat' dir='ltr'><strong>Massi-</strong></span> 
     </span>
     <span class='ocr_line' id='line_1_25' title="bbox 171 2773 1252 2851; baseline 0 -18"><span class='ocrx_word' id='word_1_196' title='bbox 171 2773 312 2851; x_wconf 89' lang='lat' dir='ltr'><strong>liensium,</strong></span> <span class='ocrx_word' id='word_1_197' title='bbox 336 2773 373 2832; x_wconf 93' lang='lat' dir='ltr'><strong>ad</strong></span> <span class='ocrx_word' id='word_1_198' title='bbox 387 2773 539 2834; x_wconf 86' lang='lat' dir='ltr'><strong>Nasidium</strong></span> <span class='ocrx_word' id='word_1_199' title='bbox 562 2774 735 2850; x_wconf 89' lang='lat' dir='ltr'><strong>perveniunt</strong></span> <span class='ocrx_word' id='word_1_200' title='bbox 756 2774 854 2849; x_wconf 88' lang='lat' dir='ltr'><strong>ibique</strong></span> <span class='ocrx_word' id='word_1_201' title='bbox 868 2791 957 2834; x_wconf 85' lang='lat' dir='ltr'><strong>naves</strong></span> <span class='ocrx_word' id='word_1_202' title='bbox 971 2773 1129 2851; x_wconf 84' lang='lat' dir='ltr'><strong>expediunt</strong></span> <span class='ocrx_word' id='word_1_203' title='bbox 1142 2791 1252 2834; x_wconf 83' lang='lat' dir='ltr'><strong>mrsus·</strong></span> 
     </span>
     <span class='ocr_line' id='line_1_26' title="bbox 172 2874 1251 2953; baseline -0.001 -17"><span class='ocrx_word' id='word_1_204' title='bbox 172 2894 230 2952; x_wconf 90' lang='lat' dir='ltr'><strong>que</strong></span> <span class='ocrx_word' id='word_1_205' title='bbox 250 2894 282 2936; x_wconf 90' lang='lat' dir='ltr'><strong>se</strong></span> <span class='ocrx_word' id='word_1_206' title='bbox 304 2876 341 2935; x_wconf 88' lang='lat' dir='ltr'><strong>ad</strong></span> <span class='ocrx_word' id='word_1_207' title='bbox 365 2875 580 2953; x_wconf 85' lang='lat' dir='ltr'><strong>confligendum</strong></span> <span class='ocrx_word' id='word_1_208' title='bbox 602 2876 699 2937; x_wconf 90' lang='lat' dir='ltr'><strong>animo</strong></span> <span class='ocrx_word' id='word_1_209' title='bbox 713 2874 887 2938; x_wconf 82' lang='lat' dir='ltr'><strong>confirmant</strong></span> <span class='ocrx_word' id='word_1_210' title='bbox 908 2882 937 2937; x_wconf 88' lang='lat' dir='ltr'><strong>et</strong></span> <span class='ocrx_word' id='word_1_211' title='bbox 955 2877 1073 2937; x_wconf 89' lang='lat' dir='ltr'><strong>consilia</strong></span> <span class='ocrx_word' id='word_1_212' title='bbox 1094 2877 1251 2937; x_wconf 88' lang='lat' dir='ltr'><strong>communi·</strong></span> 
     </span>
     <span class='ocr_line' id='line_1_27' title="bbox 173 2978 1208 3057; baseline 0.001 -19"><span class='ocrx_word' id='word_1_213' title='bbox 173 2983 248 3038; x_wconf 89' lang='lat' dir='ltr'><strong>cant.</strong></span> <span class='ocrx_word' id='word_1_214' title='bbox 281 2978 392 3038; x_wconf 86' lang='lat' dir='ltr'><strong>Dextra</strong></span> <span class='ocrx_word' id='word_1_215' title='bbox 413 2997 481 3055; x_wconf 92' lang='lat' dir='ltr'><strong>pars</strong></span> <span class='ocrx_word' id='word_1_216' title='bbox 503 2979 668 3040; x_wconf 86' lang='lat' dir='ltr'><strong>attribuitur</strong></span> <span class='ocrx_word' id='word_1_217' title='bbox 690 2979 923 3057; x_wconf 90' lang='lat' dir='ltr'><strong>Massiliensibus,</strong></span> <span class='ocrx_word' id='word_1_218' title='bbox 944 2979 1058 3038; x_wconf 90' lang='lat' dir='ltr'><strong>sinistra</strong></span> <span class='ocrx_word' id='word_1_219' title='bbox 1079 2978 1208 3039; x_wconf 88' lang='lat' dir='ltr'><strong>Nasidio.</strong></span> 
     </span>
    </p>

    <p class='ocr_par' dir='ltr' id='par_1_4' title="bbox 174 3075 1291 3975">
     <span class='ocr_line' id='line_1_28' title="bbox 258 3075 1251 3143; baseline -0.002 -1"><span class='ocrx_word' id='word_1_220' title='bbox 258 3075 291 3142; x_wconf 79' lang='lat'><strong>5.</strong></span> <span class='ocrx_word' id='word_1_221' title='bbox 316 3079 426 3140; x_wconf 83' lang='lat' dir='ltr'><strong>Eodem</strong></span> <span class='ocrx_word' id='word_1_222' title='bbox 448 3081 556 3141; x_wconf 91' lang='lat' dir='ltr'><strong>Brutus</strong></span> <span class='ocrx_word' id='word_1_223' title='bbox 579 3081 725 3141; x_wconf 89' lang='lat' dir='ltr'><strong>contendit</strong></span> <span class='ocrx_word' id='word_1_224' title='bbox 754 3084 838 3141; x_wconf 89' lang='lat' dir='ltr'><strong>aucto</strong></span> <span class='ocrx_word' id='word_1_225' title='bbox 860 3081 978 3140; x_wconf 91' lang='lat' dir='ltr'><strong>navium</strong></span> <span class='ocrx_word' id='word_1_226' title='bbox 1000 3099 1129 3143; x_wconf 92' lang='lat' dir='ltr'><strong>numero.</strong></span> <span class='ocrx_word' id='word_1_227' title='bbox 1173 3082 1251 3140; x_wconf 90' lang='lat' dir='ltr'><strong>Nam</strong></span> 
     </span>
     <span class='ocr_line' id='line_1_29' title="bbox 174 3179 1251 3258; baseline 0.002 -18"><span class='ocrx_word' id='word_1_228' title='bbox 174 3181 211 3241; x_wconf 91' lang='lat' dir='ltr'><strong>ad</strong></span> <span class='ocrx_word' id='word_1_229' title='bbox 233 3198 291 3256; x_wconf 91' lang='lat' dir='ltr'><strong>eas,</strong></span> <span class='ocrx_word' id='word_1_230' title='bbox 313 3181 389 3256; x_wconf 86' lang='lat' dir='ltr'><strong>quae</strong></span> <span class='ocrx_word' id='word_1_231' title='bbox 410 3179 505 3240; x_wconf 86' lang='lat' dir='ltr'><strong>lactas</strong></span> <span class='ocrx_word' id='word_1_232' title='bbox 519 3186 601 3240; x_wconf 89' lang='lat' dir='ltr'><strong>erant</strong></span> <span class='ocrx_word' id='word_1_233' title='bbox 619 3182 735 3241; x_wconf 88' lang='lat' dir='ltr'><strong>Arelate</strong></span> <span class='ocrx_word' id='word_1_234' title='bbox 756 3199 809 3258; x_wconf 88' lang='lat' dir='ltr'><strong>per</strong></span> <span class='ocrx_word' id='word_1_235' title='bbox 825 3180 985 3258; x_wconf 79' lang='lat' dir='ltr'><strong>Gaesarem,</strong></span> <span class='ocrx_word' id='word_1_236' title='bbox 1008 3183 1140 3258; x_wconf 90' lang='lat' dir='ltr'><strong>captivae</strong></span> <span class='ocrx_word' id='word_1_237' title='bbox 1153 3181 1251 3242; x_wconf 86' lang='lat' dir='ltr'><strong>Massi·</strong></span> 
     </span>
     <span class='ocr_line' id='line_1_30' title="bbox 174 3281 1253 3360; baseline 0.002 -18"><span class='ocrx_word' id='word_1_238' title='bbox 174 3283 306 3344; x_wconf 93' lang='lat' dir='ltr'><strong>liensium</strong></span> <span class='ocrx_word' id='word_1_239' title='bbox 322 3287 499 3343; x_wconf 87' lang='lat' dir='ltr'><strong>accesserant</strong></span> <span class='ocrx_word' id='word_1_240' title='bbox 514 3300 575 3345; x_wconf 86' lang='lat' dir='ltr'><strong>sex.</strong></span> <span class='ocrx_word' id='word_1_241' title='bbox 611 3284 673 3343; x_wconf 91' lang='lat' dir='ltr'><strong>Has</strong></span> <span class='ocrx_word' id='word_1_242' title='bbox 688 3282 882 3360; x_wconf 88' lang='lat' dir='ltr'><strong>superioribus</strong></span> <span class='ocrx_word' id='word_1_243' title='bbox 897 3281 998 3342; x_wconf 91' lang='lat' dir='ltr'><strong>diebus</strong></span> <span class='ocrx_word' id='word_1_244' title='bbox 1012 3281 1151 3342; x_wconf 87' lang='lat' dir='ltr'><strong>reiecerat</strong></span> <span class='ocrx_word' id='word_1_245' title='bbox 1165 3289 1253 3359; x_wconf 89' lang='lat' dir='ltr'><strong>atque</strong></span> 
     </span>
     <span class='ocr_line' id='line_1_31' title="bbox 175 3384 1291 3462; baseline 0.001 -16"><span class='ocrx_word' id='word_1_246' title='bbox 175 3385 310 3446; x_wconf 91' lang='lat' dir='ltr'><strong>omnibus</strong></span> <span class='ocrx_word' id='word_1_247' title='bbox 324 3387 411 3446; x_wconf 91' lang='lat' dir='ltr'><strong>rebus</strong></span> <span class='ocrx_word' id='word_1_248' title='bbox 425 3385 608 3446; x_wconf 75' lang='lat' dir='ltr'><strong>inshnnerat.</strong></span> <span class='ocrx_word' id='word_1_249' title='bbox 643 3387 746 3462; x_wconf 92' lang='lat' dir='ltr'><strong>Itaque</strong></span> <span class='ocrx_word' id='word_1_250' title='bbox 760 3403 828 3446; x_wconf 89' lang='lat' dir='ltr'><strong>suos</strong></span> <span class='ocrx_word' id='word_1_251' title='bbox 843 3385 1016 3462; x_wconf 88' lang='lat' dir='ltr'><strong>cohortatus,</strong></span> <span class='ocrx_word' id='word_1_252' title='bbox 1039 3403 1112 3461; x_wconf 91' lang='lat' dir='ltr'><strong>quos</strong></span> <span class='ocrx_word' id='word_1_253' title='bbox 1127 3384 1254 3461; x_wconf 89' lang='lat' dir='ltr'><strong>integros</strong></span> <span class='ocrx_word' id='word_1_254' title='bbox 1276 3395 1291 3446; x_wconf 80' lang='lat' dir='ltr'><strong>t</strong></span> 
     </span>
     <span class='ocr_line' id='line_1_32' title="bbox 175 3486 1254 3565; baseline 0.003 -19"><span class='ocrx_word' id='word_1_255' title='bbox 175 3487 403 3565; x_wconf 91' lang='lat' dir='ltr'><strong>superavissent,</strong></span> <span class='ocrx_word' id='word_1_256' title='bbox 425 3492 458 3547; x_wconf 93' lang='lat' dir='ltr'><strong>ut</strong></span> <span class='ocrx_word' id='word_1_257' title='bbox 480 3490 573 3548; x_wconf 87' lang='lat' dir='ltr'><strong>victos</strong></span> <span class='ocrx_word' id='word_1_258' title='bbox 595 3493 817 3565; x_wconf 87' lang='lat' dir='ltr'><strong>contemnerent,</strong></span> <span class='ocrx_word' id='word_1_259' title='bbox 842 3487 946 3565; x_wconf 90' lang='lat' dir='ltr'><strong>plenus</strong></span> <span class='ocrx_word' id='word_1_260' title='bbox 967 3486 1028 3564; x_wconf 88' lang='lat' dir='ltr'><strong>spei</strong></span> <span class='ocrx_word' id='word_1_261' title='bbox 1050 3487 1144 3547; x_wconf 88' lang='lat' dir='ltr'><strong>bonae</strong></span> <span class='ocrx_word' id='word_1_262' title='bbox 1165 3493 1254 3564; x_wconf 90' lang='lat' dir='ltr'><strong>atque</strong></span> 
     </span>
     <span class='ocr_line' id='line_1_33' title="bbox 179 3589 1291 3666; baseline 0 -17"><span class='ocrx_word' id='word_1_263' title='bbox 179 3589 268 3649; x_wconf 91' lang='lat' dir='ltr'><strong>animi</strong></span> <span class='ocrx_word' id='word_1_264' title='bbox 282 3589 420 3648; x_wconf 91' lang='lat' dir='ltr'><strong>adversus</strong></span> <span class='ocrx_word' id='word_1_265' title='bbox 435 3607 484 3649; x_wconf 90' lang='lat' dir='ltr'><strong>eos</strong></span> <span class='ocrx_word' id='word_1_266' title='bbox 498 3589 694 3666; x_wconf 87' lang='lat' dir='ltr'><strong>proficiscitur.</strong></span> <span class='ocrx_word' id='word_1_267' title='bbox 716 3589 814 3651; x_wconf 82' lang='lat' dir='ltr'><strong>Facile</strong></span> <span class='ocrx_word' id='word_1_268' title='bbox 828 3595 891 3650; x_wconf 89' lang='lat' dir='ltr'><strong>orat</strong></span> <span class='ocrx_word' id='word_1_269' title='bbox 905 3608 940 3650; x_wconf 86' lang='lat' dir='ltr'><strong>ex</strong></span> <span class='ocrx_word' id='word_1_270' title='bbox 956 3589 1055 3649; x_wconf 86' lang='lat' dir='ltr'><strong>castris</strong></span> <span class='ocrx_word' id='word_1_271' title='bbox 1070 3589 1101 3652; x_wconf 80' lang='lat'><strong>0.</strong></span> <span class='ocrx_word' id='word_1_272' title='bbox 1116 3590 1255 3652; x_wconf 83' lang='lat' dir='ltr'><strong>Trebonii</strong></span> <span class='ocrx_word' id='word_1_273' title='bbox 1275 3600 1291 3649; x_wconf 84' lang='lat'><strong>3</strong></span> 
     </span>
     <span class='ocr_line' id='line_1_34' title="bbox 176 3689 1254 3770; baseline 0.002 -19"><span class='ocrx_word' id='word_1_274' title='bbox 176 3696 265 3768; x_wconf 91' lang='lat' dir='ltr'><strong>atque</strong></span> <span class='ocrx_word' id='word_1_275' title='bbox 286 3689 420 3750; x_wconf 90' lang='lat' dir='ltr'><strong>omnibus</strong></span> <span class='ocrx_word' id='word_1_276' title='bbox 442 3691 638 3769; x_wconf 88' lang='lat' dir='ltr'><strong>superioribus</strong></span> <span class='ocrx_word' id='word_1_277' title='bbox 659 3692 728 3752; x_wconf 90' lang='lat' dir='ltr'><strong>locis</strong></span> <span class='ocrx_word' id='word_1_278' title='bbox 748 3692 913 3770; x_wconf 86' lang='lat' dir='ltr'><strong>prospicere</strong></span> <span class='ocrx_word' id='word_1_279' title='bbox 927 3691 956 3751; x_wconf 94' lang='lat' dir='ltr'><strong>in</strong></span> <span class='ocrx_word' id='word_1_280' title='bbox 975 3693 1084 3770; x_wconf 89' lang='lat' dir='ltr'><strong>urbem,</strong></span> <span class='ocrx_word' id='word_1_281' title='bbox 1106 3697 1139 3753; x_wconf 93' lang='lat' dir='ltr'><strong>ut</strong></span> <span class='ocrx_word' id='word_1_282' title='bbox 1161 3694 1254 3754; x_wconf 91' lang='lat' dir='ltr'><strong>omnis</strong></span> 
     </span>
     <span class='ocr_line' id='line_1_35' title="bbox 176 3793 1254 3873; baseline 0.005 -22"><span class='ocrx_word' id='word_1_283' title='bbox 176 3793 320 3869; x_wconf 87' lang='lat' dir='ltr'><strong>iuventus,</strong></span> <span class='ocrx_word' id='word_1_284' title='bbox 340 3793 460 3870; x_wconf 91' lang='lat' dir='ltr'><strong>quaein</strong></span> <span class='ocrx_word' id='word_1_285' title='bbox 475 3794 585 3870; x_wconf 92' lang='lat' dir='ltr'><strong>oppido</strong></span> <span class='ocrx_word' id='word_1_286' title='bbox 600 3799 788 3872; x_wconf 92' lang='lat' dir='ltr'><strong>remanserat,</strong></span> <span class='ocrx_word' id='word_1_287' title='bbox 810 3813 969 3871; x_wconf 92' lang='lat' dir='ltr'><strong>omnesque</strong></span> <span class='ocrx_word' id='word_1_288' title='bbox 982 3794 1136 3873; x_wconf 90' lang='lat' dir='ltr'><strong>superioris</strong></span> <span class='ocrx_word' id='word_1_289' title='bbox 1151 3798 1254 3856; x_wconf 88' lang='lat' dir='ltr'><strong>aetatis</strong></span> 
     </span>
     <span class='ocr_line' id='line_1_36' title="bbox 178 3895 1278 3975; baseline 0.005 -20"><span class='ocrx_word' id='word_1_290' title='bbox 178 3913 243 3956; x_wconf 94' lang='lat' dir='ltr'><strong>cum</strong></span> <span class='ocrx_word' id='word_1_291' title='bbox 271 3895 367 3956; x_wconf 87' lang='lat' dir='ltr'><strong>liberis</strong></span> <span class='ocrx_word' id='word_1_292' title='bbox 395 3901 483 3973; x_wconf 90' lang='lat' dir='ltr'><strong>atque</strong></span> <span class='ocrx_word' id='word_1_293' title='bbox 511 3896 650 3956; x_wconf 84' lang='lat' dir='ltr'><strong>uxoribus</strong></span> <span class='ocrx_word' id='word_1_294' title='bbox 679 3915 715 3956; x_wconf 84' lang='lat' dir='ltr'><strong>ex</strong></span> <span class='ocrx_word' id='word_1_295' title='bbox 743 3897 864 3975; x_wconf 91' lang='lat' dir='ltr'><strong>publicis</strong></span> <span class='ocrx_word' id='word_1_296' title='bbox 890 3896 959 3958; x_wconf 90' lang='lat' dir='ltr'><strong>locis</strong></span> <span class='ocrx_word' id='word_1_297' title='bbox 987 3897 1182 3974; x_wconf 89' lang='lat' dir='ltr'><strong>custodiisque</strong></span> <span class='ocrx_word' id='word_1_298' title='bbox 1204 3903 1278 3960; x_wconf 84' lang='lat' dir='ltr'><strong>aut.</strong></span> 
     </span>
    </p>
   </div>
   <div class='ocr_carea' id='block_1_3' title="bbox 0 0 1500 4506">
    <p class='ocr_par' dir='ltr' id='par_1_5' title="bbox 0 0 1500 4506">
     <span class='ocr_line' id='line_1_37' title="bbox 0 0 1500 4506; baseline 0 0"><span class='ocrx_word' id='word_1_299' title='bbox 0 0 1500 4506; x_wconf 95' lang='lat' dir='ltr'><strong> </strong></span> 
     </span>
    </p>
   </div>
  </div>
 </body>
</html>
