2960 4500
401 1049 761 1138 COMMENTARIUS
789 1047 997 1134 rubrica.

241 1243 273 1312 l.
297 1248 452 1306 Dictatore
479 1249 605 1305 habente
635 1245 753 1302 comitia
782 1240 908 1301 Caesare
935 1243 1068 1300 consules
1098 1245 1238 1299 creantur

156 1350 187 1410 0.
210 1351 305 1409 Iulius
327 1348 436 1409 Caesar
458 1352 487 1407 et
507 1348 541 1408 P.
564 1347 723 1420 Servilius;
745 1348 772 1404 is
795 1345 872 1404 enim
894 1348 1082 1419 crebennus,
1106 1359 1161 1416 quo
1184 1359 1238 1416 per

157 1455 238 1526 leges
261 1454 289 1511 ei
311 1452 458 1510 consulem
479 1450 546 1508 fieri
567 1449 680 1507 liceret.
717 1447 773 1506 His
795 1449 883 1506 rebus
906 1444 1055 1522 conlectis,
1078 1462 1144 1505 cum
1165 1445 1239 1503 rides
1263 1447 1277 1496 ²

156 1560 222 1613 tota
236 1555 328 1612 Italia
349 1559 427 1612 esset
449 1552 603 1626 angustior
632 1567 726 1624 neque
740 1551 871 1608 creditae
892 1551 1034 1624 pecuniae
1049 1549 1242 1622 solverentur,

157 1657 325 1731 constituit,
352 1661 387 1714 ut
414 1656 520 1714 arbitri
554 1655 708 1727 darentur;
736 1669 791 1726 per
819 1669 868 1712 ecs
894 1653 1001 1712 fierent
1027 1651 1243 1710 aestimationes

157 1759 372 1832 possessionum
384 1761 415 1815 et
425 1774 532 1830 rerum,
545 1757 649 1828 quanti
669 1771 800 1828 quaeque
812 1771 912 1813 earum
924 1759 994 1813 ante
1007 1754 1117 1812 bellum
1128 1753 1242 1826 fuisset,

160 1866 249 1934 atque
265 1875 317 1918 eae
334 1859 527 1929 creditoribus
544 1857 744 1916 traderentur.
773 1856 837 1915 Hoc
852 1857 935 1915 etad
949 1858 1084 1914 timorem
1098 1872 1242 1915 novarum
1266 1858 1281 1907 3

162 1963 332 2022 tabularum
361 1961 523 2020 tollendum
553 1959 792 2034 minuendumve,
821 1960 872 2033 qui
899 1959 964 2017 iere
988 1958 1068 2016 bella
1090 1961 1119 2016 et
1140 1957 1242 2016 civiles

166 2064 361 2122 dissensiones
384 2063 467 2135 sequi
488 2062 653 2136 consuevit,
684 2067 715 2119 et
737 2061 775 2119 ed
796 2061 961 2120 debitorum
989 2059 1127 2118 tuendam
1148 2057 1245 2117 existi-

160 2167 320 2225 mationem
367 2181 430 2223 esse
474 2164 658 2237 aptissimum
702 2163 892 2222 existimavit.
937 2162 1013 2222 Item
1055 2160 1279 2236 praetoribust

163 2269 351 2340 tribunisque
373 2267 468 2340 plebis
490 2266 657 2339 rogationes
673 2265 710 2323 ad
731 2265 872 2338 populum
893 2265 1058 2324 ferentibus
1073 2281 1131 2323 non
1145 2263 1242 2320 nullos

163 2369 291 2428 ambitus
306 2367 449 2442 Pompeia
463 2368 530 2442 lege
545 2367 698 2426 damnatos
713 2367 775 2426 illis
791 2367 979 2442 temporibus,
1002 2367 1108 2440 quibus
1123 2367 1154 2424 iu
1169 2367 1242 2424 urbe

163 2471 313 2545 praesidia
334 2471 483 2544 legionum
505 2470 663 2543 Pompeius
685 2470 846 2545 habuerat,
869 2459 950 2543 ¹quae
971 2469 1080 2528 iudicia
1102 2469 1170 2527 aliis
1192 2484 1242 2526 au·

163 2572 312 2631 dientibus
335 2572 495 2643 iudicibus,
519 2571 586 2629 aliis
609 2572 784 2630 sententiam
805 2572 971 2630 ferentibus
992 2571 1117 2644 singulis
1140 2571 1242 2628 diebus

164 2679 251 2733 erant
275 2674 422 2748 perfecta,
445 2674 476 2731 in
498 2674 649 2746 integrum
670 2674 814 2748 restituit,
845 2672 894 2746 qui
916 2691 947 2732 se
968 2674 1015 2732 illi
1037 2673 1123 2732 initio
1145 2673 1243 2732 civilis
1265 2677 1279 2726 t

163 2777 235 2834 beili
247 2776 421 2850 obtulerant,
437 2777 463 2834 si
474 2791 528 2834 sua
543 2791 632 2848 opera
643 2777 674 2833 in
689 2775 766 2834 bello
778 2775 822 2834 uti
833 2775 933 2852 vellet,
949 2775 1071 2850 proinde
1083 2777 1242 2834 aestimans

80 2854 88 2868 ”
166 2895 200 2937 ac
222 2879 247 2936 si
271 2895 341 2937 usus
363 2882 450 2954 essct,
474 2879 610 2952 quoniam
632 2879 678 2936 sui
699 2878 840 2936 iecissent
860 2881 1044 2953 potestatem.
1089 2876 1244 2937 Statuerat
1266 2881 1281 2930 t

166 2979 242 3038 enim
264 2981 348 3053 prius
373 2980 426 3038 hos
440 2980 548 3038 iudicio
562 2980 664 3053 populi
679 2980 785 3039 debere
800 2981 915 3040 restitui
935 2998 1022 3054 quam
1037 2997 1088 3040 suo
1103 2980 1244 3039 beneficio

166 3081 263 3142 videri
279 3085 420 3155 receptos,
435 3097 473 3138 ne
488 3085 539 3139 aut
552 3081 691 3154 ingratus
702 3081 734 3138 in
749 3082 905 3140 referenda
920 3083 1021 3154 gratia
1032 3088 1085 3141 aut
1100 3097 1245 3155 arrogans
1283 3098 1284 3104 ¹

166 3184 199 3242 in
220 3180 426 3256 praeripiendo
447 3182 549 3256 populi
569 3181 708 3240 beneficio
730 3183 889 3242 videretur.

251 3276 286 3346 2.
309 3283 365 3342 His
388 3284 476 3342 rebus
499 3287 528 3342 et
548 3283 633 3342 feriis
655 3283 773 3342 Latinis
801 3284 981 3357 comitiisque
1007 3283 1138 3342 omnibus
1160 3283 1247 3356 perfl-

168 3385 279 3445 ciendis
302 3403 336 3443 x1
357 3386 419 3444 dies
442 3386 546 3445 tribuit
567 3386 774 3460 dictaturaque
795 3402 827 3445 sc
842 3386 960 3445 abdicat
982 3391 1013 3444 et
1035 3387 1071 3444 ab
1087 3388 1160 3445 urbe
1181 3402 1248 3460 prc-

169 3487 313 3546 ficiscitur
335 3486 581 3560 Brundisiumque
603 3489 748 3562 pervenit.
792 3488 836 3546 Eo
857 3489 989 3562 legiones
1011 3505 1063 3564 xm,
1086 3489 1248 3562 equitatum

171 3604 284 3648 omnem
300 3589 403 3647 venire
417 3589 553 3648 iusserat.
583 3589 641 3648 Sed
655 3594 772 3650 tantum
787 3591 907 3649 navium
922 3591 1059 3665 repperit,
1075 3595 1110 3648 ut
1124 3595 1250 3663 anguste
1271 3593 1286 3642 2

168 3709 210 3750 xv
224 3691 307 3750 milia
323 3691 553 3764 legionariorum
568 3692 701 3768 militum,
723 3709 762 3750 ne
777 3693 891 3764 equites
905 3693 1106 3766 transportari
1123 3697 1248 3767 possent.

169 3793 235 3852 Hoc
249 3809 339 3852 uuum
355 3792 475 3853 Caesari
497 3794 534 3852 ad
550 3794 734 3853 celeritatem
749 3794 920 3852 conficiendi
934 3795 1006 3854 belli
1021 3795 1123 3854 defuit.
1153 3795 1251 3868 Atque
1272 3801 1287 3849 3

170 3909 223 3954 eae
245 3895 327 3967 ipsae
350 3896 451 3969 copiae
480 3896 535 3954 hoo
562 3895 808 3969 infrequentiores
837 3897 1037 3972 imponuntur,
1069 3897 1145 3970 quod
1166 3897 1251 3955 multi
