2960 4500
226 299 228 301 -
255 265 294 321 74
622 263 671 318 Du
689 263 807 318 BELLO
827 262 942 318 CIVILI

253 439 464 499 Brundisinum
487 443 537 514 est,
561 439 723 514 occupavit,
747 439 822 512 quod
844 445 998 513 praestare
1017 439 1221 500 arbitrabatur
1242 455 1337 498 unum

255 543 357 618 iocum,
381 558 439 615 qua
460 541 644 600 necessarius
659 541 766 600 nostris
782 546 847 600 crat
861 557 1005 616 egressus,
1027 557 1114 614 quam
1129 542 1226 600 omnia
1246 541 1338 600 litora

216 653 230 703 2
256 661 291 703 ac
313 649 418 718 portus
440 644 573 702 custodia
588 644 702 702 clausos
725 644 826 702 teneri.
856 643 913 702 Hic
935 644 1087 717 repentino
1102 643 1230 703 adventu
1244 661 1337 704 naves

258 746 410 805 onerarias
432 745 572 819 quasdam
595 751 700 804 nactus
721 745 852 804 incendit
873 751 905 804 et
921 762 1010 804 unam
1031 746 1179 804 frumento
1201 750 1337 804 onustam

257 849 381 908 abduxit
402 864 599 923 magnumque
621 847 730 907 nostris
753 854 897 907 terrorem
914 846 1012 906 iniecit
1034 853 1065 906 et
1086 853 1174 907 noctu
1196 847 1337 907 militibus

217 957 232 1006 3
256 968 290 1010 ac
313 950 482 1024 sagittariis
503 951 535 1009 in
557 956 640 1010 terra
662 951 804 1024 expositis
829 949 1005 1024 praesidium
1027 951 1157 1023 equitum
1179 951 1286 1009 deiecit
1307 954 1337 1010 et

255 1053 326 1111 adeo
349 1053 407 1111 loci
428 1051 648 1127 opportunitate
669 1052 804 1128 proiecit,
827 1052 872 1111 uti
894 1053 932 1110 ad
946 1052 1117 1127 Pompeium
1132 1051 1249 1111 litteras
1270 1051 1336 1110 mit·

255 1159 348 1229 teret,
372 1170 463 1214 naves
484 1151 625 1228 reliquas,
649 1155 675 1212 si
696 1154 803 1229 vellet,
826 1153 948 1213 subduci
970 1159 1001 1212 et
1027 1153 1109 1212 retici
1130 1154 1259 1213 iuberet:
1282 1171 1337 1213 sua

256 1256 351 1314 classe
374 1253 484 1314 anilia
507 1271 570 1314 sese
593 1254 730 1314 Caesaris
751 1254 973 1329 prohibiturum.

340 1351 398 1421 24.
420 1357 497 1417 Erat
512 1374 545 1416 eo
557 1363 688 1432 tempore
703 1358 849 1416 Antonius
863 1355 1029 1437 Brundisii3
1045 1356 1070 1416 is
1084 1355 1198 1417 virtute
1212 1355 1336 1415 militum

254 1461 380 1518 conlisus
402 1460 526 1535 scaphas
540 1459 659 1520 navium
673 1477 850 1534 magnarum
872 1460 989 1520 circiter
1004 1477 1043 1518 nx
1059 1461 1192 1519 cratibus
1213 1459 1336 1534 pluteis·

254 1578 309 1635 que
333 1563 464 1621 contexit
479 1579 569 1635 eoque
584 1563 695 1621 milites
717 1562 845 1621 delectos
866 1561 1007 1637 imposuit
1027 1568 1117 1635 atque
1132 1579 1181 1620 eas
1196 1562 1228 1622 in
1249 1562 1337 1621 litore

253 1664 388 1738 pluribus
410 1665 483 1724 locis
498 1665 659 1739 separatim
681 1663 824 1738 disposuit
838 1681 986 1736 navesque
1008 1665 1144 1724 triremes
1158 1665 1240 1740 duas,
1263 1681 1336 1738 quas

255 1767 410 1826 Brundisii
431 1765 581 1827 iaciendas
603 1771 767 1842 curaverat,
790 1783 844 1840 per
866 1783 984 1825 causam
1001 1767 1228 1826 exercendorum
1249 1768 1336 1825 remi·

216 1877 231 1927 2
255 1888 324 1945 gum
348 1871 385 1930 ad
407 1872 508 1930 fauces
523 1876 626 1945 portus
640 1871 759 1944 prodire
774 1869 867 1930 iussit.
889 1869 953 1929 Has
968 1887 1032 1929 cum
1047 1869 1185 1930 audacius
1198 1887 1336 1945 progres-

256 1989 304 2032 sas
320 1972 393 2032 Libo
415 1973 547 2049 vidisset,
571 1989 694 2048 sperans
708 1973 847 2046 intercipi
867 1989 952 2046 posse
974 1973 1174 2044 quadriremes
1188 1990 1209 2032 v
1224 1973 1261 2030 ad
1285 1988 1335 2030 eas

254 2074 342 2135 misit.
380 2074 461 2146 Quae
483 2092 547 2134 cum
569 2074 693 2135 navibus
721 2075 832 2134 nostris
857 2074 1149 2149 adpropinquassent,
1172 2075 1281 2150 nostri,
1303 2076 1336 2132 ut

256 2180 321 2236 erat
351 2178 543 2253 imperatum,
576 2177 608 2236 in
636 2184 754 2252 portum
783 2177 986 2251 refugiebant;
1019 2176 1063 2236 illi
1091 2177 1188 2236 studio
1219 2175 1337 2236 incitati

217 2278 403 2337 aincantins
434 2281 640 2350 sequebantur.
684 2278 748 2337 Iam
776 2295 812 2336 ex
840 2279 972 2338 omnibus
1000 2280 1134 2352 partibus
1156 2278 1252 2338 subito
1274 2279 1336 2337 An·

257 2380 396 2439 tonianae
418 2381 544 2454 scaphae
560 2381 645 2454 signo
660 2380 729 2438 dato
752 2397 783 2438 se
798 2380 830 2438 in
844 2380 944 2438 hostes
962 2381 1165 2440 incitaverunt
1184 2381 1336 2454 primoque

254 2482 368 2556 impetu
383 2499 471 2540 unam
488 2498 524 2540 ex
539 2482 586 2540 his
608 2481 844 2555 quadriremibus
858 2497 923 2540 cnm
938 2482 1099 2556 remigibus
1121 2482 1336 2541 defensoribus-

215 2593 230 2642 4
253 2601 308 2659 que
324 2581 410 2662 [suis]
425 2591 574 2661 ceperunt,
590 2583 719 2658 reliquas
734 2583 865 2658 turpiter
875 2585 1014 2659 reingere
1025 2589 1190 2659 coegerunt
1223 2584 1271 2644 Ad
1281 2585 1337 2642 hoc

255 2686 463 2746 detrimentum
491 2687 630 2765 accessit,
659 2692 694 2744 ut
722 2687 871 2759 equitibus
898 2703 953 2761 per
985 2704 1066 2745 oram
1092 2686 1271 2745 maritimam
1298 2688 1335 2744 ab

254 2789 383 2848 Antonio
413 2787 560 2863 dispositis
589 2787 694 2860 aquari
721 2787 958 2859 prohiberentur.
1002 2786 1067 2857 Qua
1098 2786 1273 2844 necessitate
1306 2792 1337 2846 et

254 2888 415 2962 ignominia
435 2893 586 2963 permotus
608 2887 683 2945 Libo
706 2887 841 2945 discessit
864 2902 882 2944 a
900 2886 1060 2944 Brundisio
1082 2887 1336 2960 obsessionemque

254 2993 420 3048 nostrornm
442 2989 548 3048 omisit.

338 3084 396 3152 25.
419 3090 508 3149 Multi
536 3091 595 3150 iam
627 3106 741 3149 menses
770 3095 858 3149 erant
890 3095 921 3148 et
949 3089 1043 3149 hiems
1076 3090 1334 3168 praecipitaverat,

254 3209 348 3267 neque
363 3193 522 3254 Brundisio
544 3209 635 3254 naves
650 3192 840 3266 legionesque
856 3192 894 3251 ad
908 3192 1065 3252 Gaesarem
1087 3193 1254 3253 veniebant.
1291 3194 1336 3253 Ac

254 3313 312 3354 non
326 3296 427 3355 nullae
449 3297 512 3355 eius
533 3294 577 3354 rei
592 3295 819 3369 praetermissae
834 3295 1000 3355 occasiones
1011 3294 1132 3354 Caesari
1148 3295 1333 3371 videbantur,

251 3385 331 3472 ¹qnod
346 3398 419 3458 certi
431 3415 518 3472 saepe
528 3396 676 3457 flaverant
691 3397 782 3473 venti,
798 3398 904 3470 quibus
919 3397 1084 3456 necessario
1096 3398 1334 3457 committendum

218 3509 233 3558 2
254 3500 451 3560 existimabat
482 3499 655 3572 Quantoque
670 3500 734 3558 eius
749 3500 875 3574 amplius
890 3505 1075 3574 processerat
1089 3499 1235 3575 temporis,
1249 3505 1336 3559 tanto

256 3607 343 3662 erant
364 3602 524 3661 alacriores
546 3601 584 3660 ad
603 3602 751 3661 custodias
773 3603 824 3676 qui
844 3600 986 3662 classibus
999 3607 1161 3677 praeerant
1182 3602 1334 3662 maiorem-

216 3711 231 3760 3
254 3721 310 3778 que
331 3703 468 3763 fiduciam
495 3704 669 3778 prohibendi
697 3704 858 3779 habebant3
889 3709 918 3765 et
947 3704 1057 3765 crebris
1078 3704 1201 3778 Pompei
1222 3703 1334 3764 litteris

255 3806 487 3882 castigabantur,
511 3806 647 3880 quoniam
668 3806 763 3881 primo
784 3807 951 3866 venientem
974 3805 1129 3866 Gaesarem
1152 3821 1210 3864 non
1232 3806 1333 3880 prohi-

255 3909 397 3986 buissent,
413 3915 446 3968 at
459 3909 588 3983 reliquos
603 3909 666 3969 eins
681 3909 828 3968 exercitus
846 3909 1028 3984 impedirent,
1052 3907 1211 3981 duriusque
1226 3908 1334 3968 cotidie
