2960 4500
236 259 278 316 44
609 259 658 314 DE
677 260 795 316 BELLO
814 261 928 318 CIVILI

200 441 215 489 4
241 433 349 493 Storias
364 440 461 494 autem
476 453 511 494 ex
534 433 653 496 funibus
668 437 822 497 ancorariis
837 456 870 496 111
891 437 921 496 in
942 438 1150 514 longitudinem
1172 439 1313 517 parietum

230 535 324 603 ⁸turris
346 537 418 596 latas
440 555 485 594 1111
506 537 593 611 pedes
615 536 745 598 feserunt
767 555 874 614 easque
896 539 1044 600 extribus
1071 541 1216 619 partibus,
1238 557 1315 618 quae

239 635 277 694 ad
307 635 404 696 hostes
433 637 605 715 vergebant,
633 638 663 696 in
692 639 883 700 eminentibus
911 640 1040 700 trabibus
1069 642 1174 702 oneum
1207 647 1314 702 turrem

238 738 466 815 praependentes
493 738 700 818 religavemnt3
731 741 809 817 quod
838 761 929 802 unum
958 761 1050 819 genus
1079 743 1227 821 tegimenti
1252 742 1314 803 aliia

200 850 215 898 5
236 840 305 900 loeis
328 846 410 900 erant
433 841 543 918 experti
565 843 645 903 nullo
668 843 725 902 telo
747 861 843 920 neque
865 849 1007 906 tormento
1030 845 1110 906 traiei
1130 864 1223 924 posse.
1256 843 1316 906 Ubi

237 961 307 1002 vero
330 960 365 1002 ea
386 961 453 1020 pars
475 945 569 1021 turris,
592 963 667 1019 quae
689 950 751 1005 erat
772 944 912 1023 perfecta,
935 952 1010 1008 terta
1031 952 1120 1023 atque
1140 947 1252 1008 munita
1273 951 1316 1007 est

238 1045 276 1104 ab
299 1045 376 1105 omni
391 1044 449 1106 ietu
472 1046 606 1124 hostium,
627 1047 741 1124 pluteos
764 1049 800 1107 ad
823 1048 878 1108 alia
899 1067 988 1127 opera
1010 1050 1207 1129 abduxerunt3
1230 1049 1315 1110 turris

237 1151 345 1208 testum
367 1165 419 1224 per
440 1148 579 1225 seipsum
595 1150 790 1225 pressionibus
805 1168 841 1210 ex
856 1151 1070 1228 oontignatione
1090 1153 1185 1230 prima
1198 1169 1315 1228 suspen·

200 1249 305 1312 fidere
338 1267 373 1309 ao
403 1251 502 1310 tollere
530 1257 694 1328 coeperunt.
738 1253 796 1312 Ubi
831 1258 972 1328 quantum
1002 1255 1155 1314 storiarum
1182 1251 1314 1313 demissio

237 1351 409 1430 patiebatur,
431 1357 544 1414 tantum
566 1355 727 1433 elevarant,
749 1356 824 1416 intra
845 1356 917 1418 haee
938 1358 1096 1434 tegimenta
1117 1356 1206 1417 abditi
1227 1360 1315 1432 atque

238 1453 341 1513 muniti
368 1456 492 1531 parietes
522 1457 660 1517 lateribus
688 1460 875 1519 exstruebant
902 1476 1059 1535 rursusque
1085 1459 1141 1518 alia
1167 1457 1314 1536 pressione

201 1562 215 1610 τ
240 1556 277 1616 ad
300 1556 510 1619 aedificandum
538 1558 708 1620 sibilorum
738 1561 938 1638 expediebant.
981 1561 1038 1622 Ubi
1063 1567 1177 1638 tempus
1199 1558 1315 1619 alterius

239 1660 479 1720 contabulationis
509 1661 675 1738 videbatur,
704 1663 785 1738 tigna
812 1663 880 1723 item
902 1668 936 1723 ut
960 1663 1053 1741 primo
1084 1669 1160 1724 teeta
1181 1660 1314 1722 extremis

237 1763 374 1822 lateribus
401 1763 582 1823 instruebant
610 1781 703 1840 exque
729 1783 765 1824 ea
797 1765 1010 1841 oontignatione
1042 1784 1140 1826 rursus
1172 1781 1314 1826 summam

201 1868 216 1918 8
238 1864 501 1925 contabulationem
516 1865 676 1942 storiasque
687 1867 848 1928 elevabant.
871 1868 918 1928 Ita
928 1873 992 1929 tuto
1002 1886 1037 1928 ae
1050 1868 1112 1928 siue
1125 1869 1184 1928 ullo
1195 1867 1314 1927 vulnere

238 1985 273 2026 ao
286 1966 413 2043 perieulo
427 1985 478 2027 sex
494 1968 625 2028 tabulata
639 1974 843 2030 exstruxerunt
856 1969 1062 2047 fenestrasque,
1081 1970 1187 2045 quibus
1200 1969 1230 2027 in
1245 1967 1314 2028 loeis

239 2069 333 2129 visum
356 2074 407 2145 est,
429 2069 466 2128 ad
488 2074 631 2131 tormenta
653 2071 793 2132 mittenda
814 2072 844 2131 in
866 2073 1002 2133 struendo
1025 2072 1209 2149 reliquerunt.

202 2206 203 2210 =
323 2167 379 2234 10.
403 2173 461 2232 Ubi
489 2191 526 2232 ex
555 2191 590 2232 ea
618 2173 689 2234 turri
718 2193 794 2251 quae
822 2175 927 2235 oiroum
956 2181 1050 2236 esseut
1079 2193 1166 2250 opera
1189 2173 1263 2234 tueri
1284 2190 1315 2233 se

237 2291 323 2350 posse
355 2279 424 2333 sunt
455 2273 572 2352 eonfisi,
606 2277 767 2336 musoulum
801 2278 889 2351 pedes
917 2296 954 2336 nx
982 2279 1101 2352 longum
1129 2294 1165 2336 ex
1194 2275 1314 2334 materia

236 2375 376 2453 bipedali,
405 2393 491 2450 quem
514 2394 532 2434 a
553 2376 623 2436 turri
646 2378 774 2438 latericia
795 2378 832 2438 ad
858 2377 983 2438 hostium
1012 2383 1119 2438 turrem
1140 2394 1314 2453 murumque

201 2490 215 2540 2
237 2479 434 2557 perduoereut,
456 2477 551 2539 faeere
565 2479 758 2541 instituerunt.
790 2479 878 2540 Guius
892 2481 1015 2540 mnsouli
1037 2479 1108 2540 haee
1130 2484 1190 2540 erat
1211 2478 1314 2540 forma

237 2582 323 2642 Duae
350 2583 476 2659 primum
505 2584 602 2643 trabes
629 2583 658 2641 in
687 2583 749 2643 solo
778 2601 870 2659 aeque
898 2584 1003 2659 longae
1030 2583 1168 2642 distantes
1189 2582 1263 2642 inter
1283 2598 1315 2640 se

236 2686 326 2764 pedes
340 2705 386 2744 uu
401 2687 588 2748 eonlooantur
601 2687 690 2762 inque
707 2685 747 2746 eis
758 2687 925 2746 oolumellae
939 2686 1046 2763 pedum
1061 2685 1090 2744 in
1102 2685 1280 2745 altitudinem
1294 2702 1315 2742 v

201 2787 417 2864 adefignntur.
460 2788 523 2847 Has
551 2788 626 2847 inter
651 2804 682 2846 se
711 2787 848 2862 capreolis
874 2788 951 2846 molli
982 2786 1098 2862 fastigio
1127 2786 1316 2863 coniungunt,

239 2888 290 2949 ubi
311 2890 401 2966 tigna,
424 2906 499 2963 quae
520 2888 641 2948 musouli
663 2887 779 2963 tegendi
801 2905 888 2946 eausa
908 2892 1028 2966 ponant,
1049 2889 1241 2948 eonlooentur.
1270 2887 1315 2948 Eo

240 3007 326 3065 super
348 2991 430 3066 tigna
451 2989 595 3067 bipedalia
622 2989 742 3050 inioiunt
764 3007 856 3065 eaque
876 2989 989 3049 laminis
1018 2990 1164 3067 clavisque
1185 2989 1317 3066 religant.

204 3093 287 3153 aad
316 3097 475 3153 extremum
508 3092 630 3153 musonii
662 3097 768 3153 loetum
797 3093 952 3168 trabesque
984 3098 1126 3154 extremas
1159 3093 1317 3169 quadratas

241 3197 357 3272 regulas
378 3211 423 3253 nu
445 3200 577 3272 patentes
606 3195 714 3272 digitos
740 3193 888 3272 deligunt,
914 3213 990 3272 quae
1011 3196 1129 3274 lateres,
1150 3195 1200 3271 qui
1227 3212 1316 3269 super

203 3299 370 3358 omusoulo
400 3302 563 3373 struantur,
589 3298 762 3358 contineant.
805 3298 851 3357 Ita
877 3296 1014 3374 fastigato
1046 3303 1134 3373 atque
1162 3295 1314 3356 ordinafim

238 3404 346 3459 structo
369 3404 401 3459 ut
423 3400 519 3459 trabes
541 3404 622 3459 erant
643 3400 673 3458 in
688 3399 827 3475 eapreolis
841 3401 1015 3476 oonlooatae,
1037 3399 1173 3459 lateribus
1194 3399 1315 3474 lutoque

237 3502 392 3579 museulus,
414 3506 448 3561 ut
469 3502 506 3561 ab
528 3501 597 3577 igni,
619 3501 669 3577 qui
691 3519 727 3561 ex
748 3520 831 3562 muro
852 3501 1000 3579 iaeeretur,
1021 3506 1101 3561 tutus
1116 3506 1198 3577 esset,
1219 3504 1315 3561 oonte-

200 3611 216 3660 6
237 3605 324 3682 gitur.
348 3605 442 3682 Super
462 3605 565 3664 lateres
580 3605 657 3664 eoria
677 3605 860 3682 indueuntur,
882 3623 920 3664 ne
935 3604 1082 3665 canalibus
1096 3621 1174 3680 aqua
1187 3603 1316 3662 immissa

238 3707 341 3767 lateres
362 3707 470 3768 diluere
491 3712 596 3784 posset.
629 3706 714 3767 coria
735 3712 840 3785 autem,
862 3726 900 3768 ne
921 3726 1019 3768 mrsus
1040 3707 1100 3784 igni
1115 3726 1150 3768 ao
1170 3705 1315 3784 lapidibus

201 3819 216 3867 'l
239 3815 467 3888 corrumpantur,
490 3810 659 3870 centonibus
682 3814 881 3886 conteguntur.
916 3811 982 3872 Hoo
1004 3828 1077 3887 opus
1099 3828 1184 3870 omne
1206 3813 1313 3868 testum

236 3913 328 3973 vineis
340 3913 377 3972 ad
391 3913 482 3990 ipsam
499 3918 606 3974 turrem
621 3911 775 3990 periioiunt
785 3911 939 3988 subitoque
953 3912 1169 3991 inopinantibus
1183 3911 1315 3973 hostibus
