2964 4506
265 237 303 295 16
643 235 694 290 Du
713 234 830 290 BELLO
850 235 965 291 CIVILI

260 416 363 471 morat.
407 410 500 472 Docet
520 429 551 470 se
565 411 676 470 nullum
692 411 953 471 extraordinarium
967 409 1105 472 honorem
1121 409 1342 488 adpetisse-sed

260 518 426 589 exspectato
440 513 569 590 legitimo
585 518 713 590 tempore
727 514 892 574 consulatu
907 531 941 574 eo
956 512 1045 574 fuisse
1066 513 1345 590 contentumsqnod

221 624 237 673 3
258 617 394 676 omnibus
416 616 527 676 civibus
548 620 668 692 pateret.
710 615 815 675 Latum
837 616 875 675 ab
897 635 917 675 x
932 616 1055 676 tribunis
1069 617 1163 693 plebis
1178 621 1278 676 contra
1299 615 1344 674 di·

259 718 389 780 oentibus
410 719 542 796 inimicis,
566 716 675 777 Catone
696 735 764 778 vero
794 718 931 778 acerrime
952 724 1134 794 repugnante
1155 723 1185 779 et
1212 719 1338 795 pristina

259 820 466 881 consuetudine
486 819 598 881 dicendi
619 838 700 880 mora
722 819 782 879 dies
804 819 980 897 extrahente,
1002 825 1035 880 nt
1049 821 1094 881 sui
1108 822 1182 880 ratio
1209 821 1338 882 absentis

257 922 420 1000 haberetur,
441 925 505 1001 ipso
527 923 644 984 consule
666 924 821 1001 Pompei03
845 923 940 1000 quisi
965 924 1166 1001 improbasset,
1188 941 1239 983 cnr
1267 921 1338 983 ferri

258 1042 361 1101 passus
383 1026 477 1086 esset?
498 1027 524 1085 si
545 1025 702 1102 probasset,
725 1045 775 1086 cur
801 1044 832 1087 se
846 1028 890 1086 uti
904 1027 1006 1103 populi
1021 1025 1164 1087 beneficio
1179 1025 1339 1103 prohibuis

221 1132 236 1181 4
258 1127 323 1186 set?
344 1127 515 1187 Patientiam
536 1127 672 1205 proponit
692 1146 784 1205 suam,
806 1147 872 1188 cum
900 1129 936 1188 de
965 1127 1135 1188 exercitibus
1163 1127 1341 1188 dimittendis

258 1229 333 1289 ultro
357 1231 575 1308 postulavisset3
597 1232 629 1290 iu
653 1249 711 1306 quo
726 1230 865 1291 iacturam
879 1231 1025 1307 dignitatis
1040 1235 1128 1306 atque
1141 1229 1259 1290 honoris
1273 1231 1339 1307 ipse

218 1337 235 1386 5
256 1329 386 1392 facturus
401 1338 482 1393 esset.
526 1334 720 1394 acerbitatem
736 1333 917 1394 inimicorum
929 1333 1020 1411 docet,
1035 1335 1095 1410 qui,
1107 1333 1186 1409 quod
1197 1333 1234 1392 ab
1247 1333 1338 1393 altero

256 1435 443 1512 postularent,
469 1437 499 1494 in
527 1454 558 1496 sc
583 1441 748 1496 recusarent
777 1442 864 1512 atque
893 1437 990 1496 omnia
1020 1436 1181 1513 permisceri
1215 1436 1334 1495 mallent

217 1541 344 1611 equam
369 1537 520 1614 imperium
550 1539 748 1613 exercitusque
776 1538 926 1599 dimittere.
970 1538 1108 1598 Iniuriam
1130 1538 1160 1597 in
1182 1537 1336 1614 eripiendis

256 1635 418 1711 legionibus
443 1637 600 1714 praedicat,
628 1636 822 1696 crudelitatem
853 1641 882 1696 et
903 1637 1083 1696 insolentiam
1109 1637 1139 1695 in
1162 1635 1338 1697 circumscri-

256 1735 357 1796 bendis
379 1737 500 1798 hibunis
521 1738 624 1815 plebis3
649 1737 863 1798 eondioionesa
884 1755 915 1798 se
930 1738 1011 1814 latas,
1034 1738 1161 1816 expetita
1183 1737 1336 1813 conloquia

217 1851 233 1900 *l
256 1843 285 1898 et
299 1838 441 1916 denegata
456 1845 668 1900 commemorat.
701 1841 756 1900 Pro
779 1840 884 1916 quibus
899 1841 985 1900 rebus
1007 1840 1138 1901 hortatur
1152 1859 1187 1901 ac
1207 1841 1336 1917 postulat

258 1947 291 2002 nt
314 1960 375 2003 rem
396 1942 541 2020 publicam
563 1942 719 2019 suscipiant
741 1948 828 2018 atquc
849 1961 909 2002 una
930 1961 1027 2003 secum
1050 1942 1255 2002 administrent.
1290 1943 1342 2003 Sin

258 2045 361 2105 timore
376 2043 533 2122 defugiant,
554 2045 609 2105 illie
623 2063 654 2105 se
669 2045 748 2105 oneri
763 2063 822 2104 non
843 2043 974 2105 futurum
997 2050 1026 2105 et
1046 2062 1099 2123 per
1120 2063 1151 2105 se
1167 2062 1227 2105 rem
1250 2045 1345 2120 publi·

217 2155 232 2205 8
260 2165 323 2207 cam
345 2147 618 2208 administraturum.
662 2148 787 2225 legatos
817 2148 855 2208 ad
877 2148 1047 2226 Pompeium
1074 2149 1110 2208 de
1137 2149 1345 2225 compositione

256 2247 330 2307 mitti
352 2253 492 2325 oportere,
514 2266 609 2324 neque
630 2267 661 2308 se
682 2248 882 2326 reformidare,
905 2250 983 2324 quod
1005 2251 1035 2308 in
1057 2255 1160 2309 senatu
1184 2251 1340 2326 Pompeius

262 2351 349 2428 paulo
372 2354 439 2410 ante
461 2349 586 2426 dixisset,
607 2350 645 2409 ad
667 2367 740 2426 quos
762 2351 849 2426 legati
871 2350 1067 2428 mitterentur,
1088 2351 1132 2410 his
1147 2353 1346 2413 auctoritatem

257 2452 374 2512 attribui
401 2452 591 2528 timoremque
612 2470 726 2527 eorum,
755 2451 805 2527 qui
833 2452 993 2523 mitterent,
1020 2451 1186 2528 significari.
1229 2455 1340 2514 Tenuis

256 2561 344 2631 atque
365 2555 472 2616 infirmi
500 2555 570 2618 haec
592 2555 680 2616 animi
701 2555 800 2617 videri.
845 2556 985 2629 Severo,
1013 2560 1047 2617 nt
1074 2555 1209 2634 operibus
1231 2557 1340 2618 anteire

257 2659 408 2735 studuerit,
429 2659 469 2720 eie
490 2659 597 2720 iustitia
618 2664 647 2720 et
667 2661 813 2735 aequitate
837 2660 910 2719 velle
931 2677 1079 2736 superare.

343 2756 396 2824 33.
418 2763 527 2822 Probat
547 2780 607 2821 rem
628 2765 745 2821 senatus
767 2761 803 2819 de
825 2759 969 2820 mittendis
983 2760 1101 2836 legatis3
1123 2758 1183 2834 sed,
1206 2760 1256 2834 qui
1277 2759 1339 2818 mit-

258 2867 400 2940 terentur,
428 2881 487 2922 non
517 2847 747 2939 reperiebantur,
773 2861 956 2935 maximeque
984 2859 1092 2920 timoris
1123 2879 1210 2921 causa
1231 2879 1283 2937 pro
1306 2879 1338 2920 se

220 2963 379 3040 aquisque
401 2964 430 3023 id
451 2981 557 3023 munus
583 2962 735 3038 legationis
762 2962 923 3023 recusabat.
968 2962 1125 3038 Pompeius
1147 2962 1223 3023 cnim
1253 2962 1340 3024 enee.

259 3068 329 3126 dens
351 3066 388 3125 ab
410 3067 482 3126 urbe
503 3065 532 3124 in
554 3069 656 3126 senatu
679 3065 790 3126 dixerat
818 3065 919 3124 eodem
950 3083 981 3126 ee
1002 3064 1168 3125 habiturum
1190 3066 1268 3141 loco,
1290 3061 1342 3140 qui

220 3182 236 3231 3
260 3171 369 3229 Romae
390 3169 591 3230 remansissent
613 3174 641 3230 et
663 3169 763 3245 quiin
786 3161 886 3229 castris
909 3167 1037 3229 Caesaris
1059 3167 1188 3228 fuissent.
1226 3168 1272 3228 Sic
1293 3167 1340 3227 tri-

259 3272 349 3331 duum
380 3271 620 3349 disputationibus
656 3270 946 3346 excusationibusque
982 3269 1149 3330 extrahitur.
1195 3269 1340 3330 Subicitnr

259 3373 345 3434 etiam
360 3375 393 3434 1..
409 3375 548 3450 Metellus,
570 3373 701 3433 tribunus
723 3371 823 3449 plebis,
845 3372 883 3431 ab
898 3371 1018 3432 inimicis
1034 3370 1170 3450 Caesada,
1193 3373 1243 3448 qui
1264 3371 1339 3432 hanc

259 3494 319 3536 rem
342 3476 480 3536 distrahat
501 3475 683 3552 reliquasque
704 3492 758 3550 res,
780 3493 977 3550 quascumque
999 3493 1085 3552 agere
1106 3475 1265 3552 instituerit,
1289 3475 1339 3534 im-

221 3589 237 3638 4
259 3578 364 3654 pediat.
396 3576 483 3638 (iuius
506 3577 620 3654 cognito
636 3577 752 3637 consilio
770 3577 875 3638 Caesar
894 3576 1002 3638 frustra
1024 3578 1126 3639 diebus
1141 3579 1251 3654 aliquot
1273 3597 1338 3639 con-

259 3680 393 3757 sumptis,
420 3697 457 3739 ne
478 3680 620 3756 reliquum
642 3684 756 3758 tempus
778 3681 915 3758 dimittat,
942 3679 1054 3741 infectis
1080 3680 1126 3754 iis,
1156 3698 1231 3755 quae
1252 3698 1338 3755 agere

260 3782 468 3858 destinaverat,
489 3783 526 3843 ab
556 3784 627 3844 urbe
654 3781 844 3860 proficiscitur
869 3789 957 3860 atque
977 3783 1007 3842 in
1029 3783 1191 3843 ulteriorem
1215 3781 1337 3843 Galliam

260 3884 399 3961 pervenit.
