2964 4506
680 255 701 310 1.
719 259 795 309 6-9.
1255 254 1274 312 i>

165 417 166 423 ἵ
281 429 314 496 8.
339 432 464 510 Cognita
491 432 612 492 militum
640 432 789 491 voluntate
815 429 977 489 Ariminum
1006 448 1071 490 cunr
1100 447 1135 488 ea
1162 428 1277 505 legione

195 532 385 610 proficiscitur
398 535 497 610 ibique
511 534 641 594 tribunos
655 533 756 610 plebis,
778 532 828 608 qui
850 532 887 591 ad
906 549 972 591 eum
989 529 1188 607 confugerant
1211 549 1275 591 eou-

194 637 288 714 venit3
317 637 441 712 reliquas
469 636 596 713 legiones
624 652 661 695 ex
689 634 814 694 hibernis
843 639 944 694 evocat
971 639 1001 694 et
1025 633 1162 708 subsequi
1183 633 1273 692 iubet.

195 739 238 799 Eo
253 738 286 797 L.
302 737 408 800 (laesas
428 739 595 798 adulescens
615 737 703 813 venit,
725 739 807 797 cuius
828 741 911 813 pater
926 735 1055 796 Caesaris
1070 741 1131 796 erat
1152 737 1274 812 legatus.
1295 743 1311 792 2

195 840 224 899 Is
246 840 356 916 reliquo
378 859 509 901 sermone
531 839 670 918 coniecto,
692 839 773 900 cuius
794 838 835 899 rei
857 857 944 899 musa
964 843 1091 916 venerat,
1117 838 1224 898 habere
1244 854 1277 896 sc

196 943 373 1018 aPompeio
402 944 440 1003 ad
468 961 534 1003 eum
565 942 669 1020 privati
697 940 786 1002 oflicii
813 941 952 1002 mandata
979 942 1170 1002 demonstret:
1194 939 1312 1000 Vellet

194 1044 367 1121 Pompeium
389 1064 421 1106 se
436 1046 550 1106 Caesari
572 1050 738 1122 purgatum,
760 1063 797 1104 ne
811 1063 854 1121 es,
876 1061 952 1120 quae
973 1043 1167 1120 reipublicae
1189 1060 1277 1102 eausa

195 1146 300 1222 egerit,
325 1147 356 1206 in
382 1165 465 1207 suam
494 1148 697 1207 contumeliam
726 1151 828 1206 vertat.
872 1146 991 1222 Semper
1019 1164 1050 1206 se
1076 1145 1117 1206 rei
1141 1143 1276 1220 publicae

195 1249 346 1309 commoda
368 1249 491 1326 privatis
519 1248 775 1308 necessitudinibus
797 1247 931 1307 habuisse
959 1247 1079 1324 potIora
1124 1246 1276 1306 Gaesarem

195 1367 312 1425 quoque
331 1369 385 1427 pro
407 1369 461 1411 sus
474 1351 614 1428 dignitate
635 1350 742 1410 debere
756 1354 785 1411 et
799 1350 926 1410 studium
942 1353 971 1410 et
991 1349 1168 1410 iracundiam
1193 1365 1275 1408 suam

196 1451 383 1528 reipublicae
398 1453 539 1514 dimittere
553 1470 648 1529 neque
663 1453 736 1513 adeo
752 1452 878 1529 gravitm
891 1451 974 1512 irasci
995 1451 1124 1529 inimicis,
1145 1456 1187 1529 ut,
1210 1468 1275 1510 cum

193 1552 248 1613 illis
262 1573 366 1616 nocere
386 1573 417 1615 se
431 1560 534 1633 speret,
556 1554 744 1632 reipublicae
758 1559 868 1614 noceat
901 1554 999 1614 Pauca
1013 1553 1140 1614 eiusdem
1162 1551 1275 1629 generis
1296 1560 1312 1609 4

194 1655 275 1716 addit
303 1674 369 1716 eum
397 1657 581 1717 excusatione
610 1655 730 1733 Pompei
758 1656 918 1717 coniuncta.
963 1655 1073 1715 Eadem
1094 1653 1163 1714 ¹fere
1188 1659 1276 1729 atque

194 1757 284 1818 isdem
306 1759 403 1819 verbis
417 1764 533 1835 praetor
547 1760 668 1818 Roscius
683 1759 745 1835 ogit
759 1777 824 1818 cum
840 1757 962 1818 (laesere
976 1757 1088 1833 sibique
1103 1757 1275 1833 Pompeium

195 1856 433 1921 commemorasse
454 1862 641 1923 demonstrat

278 1957 312 2027 9.
335 1963 483 2037 Quaeres
506 1963 558 2024 etsi
579 1963 648 2022 nibil
671 1963 708 2022 ad
730 1959 870 2024 levandas
895 1962 1013 2022 iniurias
1033 1961 1176 2038 pertinere
1198 1961 1274 2022 vide

193 2065 308 2143 bantur,
330 2071 427 2127 tamen
448 2066 567 2126 idoneos
581 2070 683 2126 nactus
705 2065 842 2142 homines,
863 2083 916 2141 per
938 2082 1010 2140 quos
1025 2081 1068 2142 ea,
1090 2081 1165 2139 quae
1179 2064 1273 2140 vellet,

194 2166 231 2226 sd
246 2185 312 2227 enm
327 2166 531 2245 perterrentur,
552 2168 824 2245 petrarumque,
847 2166 985 2243 quioniam
1000 2166 1122 2244 Pompei
1139 2167 1277 2227 mandata

194 2269 232 2328 ad
253 2287 284 2330 se
299 2269 460 2343 detulerint
482 2289 519 2330 ne
534 2275 690 2347 graventur
711 2287 765 2329 sua
787 2288 904 2346 quoquc
917 2268 1038 2331 ad‘eum
1059 2272 1208 2347 postulata
1228 2269 1275 2329 de·
1372 2260 1382 2284 ⁸

195 2370 278 2446 ferre,
300 2373 324 2432 si
344 2391 436 2449 parvo
451 2372 550 2434 labore
565 2391 687 2450 magnas
701 2373 909 2434 controversias
930 2375 1029 2434 tollere
1051 2379 1138 2448 atque
1160 2390 1275 2432 omnem

196 2473 308 2532 Italiam
323 2479 403 2534 metu
424 2475 545 2535 liberare
567 2475 686 2552 possint.
720 2473 781 2535 sibi
796 2493 909 2553 semper
928 2477 1052 2552 primam
1074 2475 1163 2536 luisse
1184 2474 1275 2551 digni·
1297 2477 1312 2528 2

195 2579 283 2635 tatem
305 2575 422 2651 vitaque
444 2576 600 2653 potiorem:
622 2576 747 2635 doluisse
768 2593 807 2650 se,
829 2576 909 2652 quod
929 2578 1029 2653 populi
1045 2576 1169 2637 Romani
1190 2576 1276 2636 bene

195 2674 293 2736 ficium
316 2678 371 2737 sibi
392 2697 445 2753 per
466 2677 667 2738 contumeliam
683 2678 720 2737 ab
735 2677 856 2739 inimicis
877 2682 1094 2754 extorqueretur
1116 2683 1273 2754 ereptoque

197 2778 346 2840 semenstri
366 2779 485 2856 imperio
507 2779 538 2839 in
553 2781 654 2840 urbem
669 2779 868 2851 retraheretur,
891 2782 973 2841 cuius
988 2781 1114 2842 absentis
1134 2781 1276 2842 rationem

196 2880 296 2942 haberi
316 2883 454 2959 proximis
477 2883 596 2944 comitiis
610 2884 736 2960 populus
750 2883 884 2943 iussisset
916 2884 1028 2944 Tamen
1043 2884 1118 2946 hanc
1137 2885 1277 2946 iacturam
1298 2886 1313 2935 3

195 2983 312 3044 honoris
333 2985 378 3044 sui
398 2985 440 3045 rei
460 2985 593 3059 publicae
608 3002 802 3060 caussaeque
824 2985 921 3046 animo
936 2987 1043 3047 tulisse.
1075 2988 1148 3048 Oum
1169 2988 1277 3048 litteras

198 3085 236 3144 ad
256 3091 389 3146 senatum
410 3087 530 3163 miserit,
551 3092 585 3146 ut
606 3104 705 3146 omnes
727 3086 765 3146 ab
788 3088 958 3148 exercitibus
980 3089 1165 3159 discederent,
1186 3108 1224 3150 ne
1245 3089 1275 3148 id

197 3187 314 3262 quidem
341 3188 549 3264 impetravisse.
593 3188 670 3247 Tota
698 3188 782 3247 Italia
810 3188 929 3248 dilectus
955 3189 1069 3267 haberi,
1097 3193 1213 3252 retineri
1240 3192 1315 3252 let

197 3288 297 3364 giones
318 3308 350 3366 11,
384 3307 459 3366 quae
481 3289 518 3349 ab
546 3306 578 3350 se
599 3289 781 3349 simulatione
802 3288 927 3349 Parthici
955 3290 1022 3350 belli
1049 3291 1106 3351 sint
1127 3292 1278 3371 abductae,

198 3391 340 3453 civitatem
363 3410 425 3452 esse
446 3395 477 3452 in
499 3392 594 3452 armis.
623 3391 758 3466 Quonam
780 3392 852 3452 haec
873 3393 970 3452 onmia
984 3392 1039 3452 nisi
1052 3393 1090 3452 ad
1111 3411 1192 3453 suam
1213 3411 1276 3470 per-

197 3493 299 3554 niciem
320 3495 484 3571 pertinere?
521 3494 578 3555 Sed
599 3499 697 3555 tamen
719 3494 757 3553 sd
779 3495 875 3554 omnia
896 3513 928 3555 se
948 3495 1119 3556 descendere
1141 3501 1275 3572 paratum
1298 3500 1313 3550 c

198 3600 286 3672 atque
307 3596 406 3656 omnia
424 3597 486 3673 pati
507 3597 701 3673 reipublicae
723 3614 818 3657 causa.
847 3595 1048 3658 Proficiscatur
1069 3598 1224 3676 Pompeius
1245 3601 1277 3658 in

198 3716 265 3758 suas
280 3698 451 3776 provincias,
467 3699 522 3774 ipsi
537 3699 677 3760 exercitus
692 3699 845 3777 dimittant,
867 3700 1015 3761 discedent
1034 3701 1064 3760 in
1079 3701 1163 3760 Italia
1177 3719 1277 3761 omnes

198 3802 236 3862 ab
258 3802 360 3880 armis,
381 3806 475 3862 metus
497 3820 513 3862 e
535 3802 649 3862 civitate
670 3803 801 3876 tollatur,
826 3802 916 3863 libera
938 3803 1052 3863 comitia
1073 3809 1161 3879 atque
1182 3806 1277 3864 omnis

198 3921 244 3964 res
264 3903 380 3980 publica
401 3904 514 3964 senatui
534 3905 701 3981 populoque
723 3904 854 3964 Romano
882 3905 1072 3981 permittatur.
1115 3905 1276 3982 Haecque
1298 3908 1314 3958 6
