2960 4500
239 243 279 300 54
622 243 671 298 DE
690 243 807 300 BELLO
826 242 939 299 OIVILI

236 419 303 478 bita
325 420 459 478 oratione
481 419 593 478 nullam
615 421 647 479 in
667 425 784 495 partem
800 421 836 478 ab
856 419 989 480 exercitu
1004 419 1142 482 Curionis
1156 422 1190 481 fit
1205 423 1317 498 signiri-

237 522 322 597 catio,
346 527 435 596 atque
456 523 499 581 ita
521 539 590 581 suas
612 527 737 596 uterquc
759 523 857 598 copias
879 523 1003 583 reducit.

321 616 376 687 29.
398 624 440 683 At
460 625 492 682 in
514 624 620 683 castris
635 623 771 684 Curionis
793 641 917 700 magnus
940 626 1068 684 omnium
1090 625 1212 685 incessit
1227 626 1317 686 timor

237 725 350 786 animis.
379 725 411 784 Is
425 727 519 786 variis
540 727 690 786 hominum
711 727 895 787 sermonibus
912 728 1050 786 celeriter
1065 733 1201 802 augetur.
1234 727 1318 788 Unus

237 829 359 901 quisque
374 829 452 888 enim
474 829 625 902 opiniones
640 829 772 902 fingebat
791 835 822 888 et
837 828 875 888 ad
889 828 927 904 id,
951 829 1028 902 quod
1043 831 1079 888 ab
1096 830 1155 890 alio
1172 830 1317 904 audierat,

199 937 213 986 2
236 931 282 989 sui
305 930 419 1005 aliquid
433 931 549 990 timoris
564 931 700 991 addebat.
729 931 795 990 Hoc
809 932 861 991 ubi
876 948 934 990 uno
950 937 1071 992 auctore
1085 933 1123 992 ad
1137 933 1238 1007 plures
1252 950 1318 1008 per·

236 1037 413 1092 manaverat
435 1039 525 1106 atqua
550 1033 627 1093 alius
651 1033 704 1092 alii
725 1033 898 1109 tradiderat,
921 1034 1023 1108 plures
1039 1040 1174 1094 auctores
1197 1036 1260 1094 eius
1274 1035 1319 1094 rei

198 1134 422 1195 avidebantur.
465 1135 543 1194 Erat
579 1135 667 1194 civile
699 1136 823 1209 bellum;
857 1152 950 1210 genus
983 1137 1139 1211 hominum,
1168 1138 1215 1196 cui
1243 1136 1319 1211 quod

236 1237 352 1311 liberet,
375 1238 481 1296 liceret
504 1238 603 1297 iacere
625 1241 655 1296 et
677 1236 758 1311 sequi
780 1237 858 1310 quod
879 1238 986 1312 vellet;
1008 1238 1140 1311 legiones
1156 1255 1220 1314 eae,
1245 1255 1320 1312 quse

236 1339 324 1412 paulo
341 1344 410 1397 ante
427 1338 505 1413 apud
528 1339 716 1398 adversarios
735 1340 855 1399 inerant
877 1339 956 1414 (nam
972 1340 1059 1398 ctiam
1075 1338 1212 1399 Caesaris
1233 1342 1320 1399 bene·

200 1447 214 1496 4
235 1439 304 1498 ficia
325 1440 519 1499 imminuerat
541 1440 728 1516 consuetudo,
750 1457 810 1513 qua
831 1441 1034 1515 offerrentur);
1057 1442 1217 1515 municipia
1232 1443 1322 1501 ctiam

237 1542 363 1601 diversis
384 1543 521 1616 partibus
541 1542 697 1603 coniuncta
714 1542 820 1617 (aeque
836 1543 913 1602 enim
931 1560 967 1602 ax
982 1543 1090 1602 Marsis
1112 1543 1323 1618 Paelignisque

236 1643 419 1718 veniebant);
442 1649 471 1704 et
494 1645 544 1718 qui
566 1645 718 1719 superiore
740 1649 825 1704 noete
857 1646 889 1704 in
917 1645 1118 1706 contuberniis
1147 1646 1322 1719 circulisquc

236 1747 331 1805 auditi
353 1748 492 1806 fenerant
514 1765 662 1808 sermones
683 1748 811 1806 militum
841 1746 930 1824 dubii,
958 1748 1062 1808 dumus
1091 1748 1320 1824 accipiebantur,

236 1866 294 1907 non
328 1850 405 1909 nulli
439 1850 529 1909 etiam
562 1851 599 1909 ab
633 1850 686 1925 iis,
721 1851 771 1924 qui
805 1850 1009 1925 diligentiores
1044 1850 1141 1911 videri
1176 1853 1322 1927 volebant,

235 1952 431 2026 fingebantur.

324 2049 385 2119 80.
407 2055 520 2126 Quibus
542 2055 578 2114 de
601 2055 698 2114 causis
720 2056 842 2114 consilio
865 2061 1025 2116 convocato
1047 2056 1083 2115 de
1097 2072 1210 2114 summa
1225 2072 1323 2114 rerum

239 2157 405 2216 deliberare
426 2157 540 2232 incipit.
584 2157 682 2216 Erant
704 2158 884 2233 sententiae,
908 2175 983 2231 quae
1005 2158 1167 2217 conandum
1190 2159 1324 2216 omnibus
1399 2205 1401 2210 ,

239 2257 332 2317 modis
364 2263 520 2332 castraque
541 2258 617 2320 Vari
649 2260 848 2336 oppugnanda
881 2264 1049 2333 censerent,
1082 2260 1158 2333 quod
1183 2260 1215 2317 in
1236 2260 1324 2316 huius

239 2361 316 2420 modi
348 2361 477 2420 militum
498 2360 626 2421 consiliis
647 2359 738 2420 otium
767 2360 891 2420 maxime
914 2359 1093 2420 contrarium
1114 2376 1178 2419 essa
1197 2359 1323 2419 arbitra·

201 2467 355 2537 rrentur3
388 2470 535 2538 postremo
567 2469 723 2538 praestare
756 2463 894 2522 dicebant
931 2479 986 2536 per
1007 2463 1150 2522 virtutem
1170 2463 1202 2522 iu
1223 2479 1324 2537 pugna

238 2565 311 2624 belli
333 2566 483 2625 fortunam
506 2567 636 2641 experiri
659 2582 745 2639 quam
768 2565 900 2624 desertos
922 2569 951 2628 et
973 2565 1185 2624 circumventos
1211 2566 1247 2623 ab
1263 2565 1324 2622 suis

200 2676 215 2724 3
238 2669 447 2740 gravissimum
469 2668 645 2743 supplicium
668 2669 793 2742 perpeti.
823 2667 926 2743 Erant,
951 2669 1002 2741 qui
1017 2671 1169 2727 censerent
1184 2666 1219 2724 de
1234 2667 1324 2725 tertia

238 2771 346 2844 uigilia
367 2771 400 2828 in
421 2775 521 2828 eastra
543 2769 681 2828 Cornelia
709 2769 917 2844 recedendum,
948 2775 983 2827 ut
1004 2770 1115 2827 maiore
1137 2770 1231 2842 spatio
1252 2772 1323 2827 tem·

238 2873 319 2945 poris
341 2873 497 2930 interiecto
519 2871 646 2929 militum
666 2876 780 2929 mentes
802 2875 988 2945 sanarentur,
1012 2870 1106 2945 simul,
1129 2871 1155 2928 si
1171 2870 1240 2943 quid
1255 2888 1323 2944 gra·

238 2974 306 3032 vius
328 2973 491 3047 accidisset,
514 2989 623 3046 magna
644 2972 833 3031 multitudine
855 2972 975 3031 navium
997 2976 1026 3031 et
1047 2973 1143 3032 tutius
1162 2976 1192 3032 et
1205 2973 1323 3032 facilius

238 3090 271 3147 in
292 3074 424 3134 Siciliam
445 3080 582 3149 receptus
604 3074 735 3134 daretur.

324 3170 379 3240 31.
413 3175 502 3236 Curio
524 3180 680 3251 utrumque
701 3177 870 3251 improbans
892 3177 1045 3236 consilium
1073 3184 1214 3250 quantum
1237 3177 1324 3236 alteri

239 3279 405 3338 sententiae
428 3278 541 3339 deesset
563 3280 661 3354 animi,
692 3283 806 3339 tantum
829 3280 918 3338 alteri
940 3295 1093 3352 superesse
1116 3279 1243 3338 dicebat:
1270 3279 1323 3338 hos

238 3382 428 3456 turpissimae
450 3382 540 3455 fugae
561 3381 706 3440 rationem
721 3381 839 3456 habere,
861 3381 929 3440 illos
944 3381 1032 3439 etiam
1046 3381 1147 3454 iniquo
1161 3381 1224 3440 loco
1240 3381 1323 3440 dimi·

202 3490 216 3539 2
239 3484 362 3542 candum
384 3489 500 3558 putare.
545 3483 609 3554 Qua
630 3483 723 3558 enim,
745 3484 849 3558 inquit,
871 3482 980 3542 fiducia
1002 3487 1031 3542 et
1052 3500 1140 3557 opere
1162 3489 1193 3542 et
1214 3489 1324 3542 natura

202 3594 217 3641 3
239 3587 296 3644 loci
318 3587 516 3645 munitissima
538 3589 636 3644 castra
658 3586 824 3659 expugnari
844 3602 930 3660 posse
951 3584 1144 3644 confidimus?
1188 3585 1231 3644 At
1251 3601 1322 3645 vero

240 3689 310 3762 quid
331 3689 507 3764 proficimus,
531 3689 557 3747 si
579 3693 699 3762 accepto
721 3705 828 3762 magno
851 3687 1028 3747 detrimento
1050 3689 1087 3746 ab
1103 3688 1322 3762 oppugnatione

240 3795 401 3850 castrorum
423 3790 620 3851 discedimus?
652 3790 743 3862 Quasi
765 3808 823 3850 non
846 3796 877 3850 et
898 3790 1027 3849 felicitas
1049 3807 1148 3849 rerum
1171 3796 1322 3864 gestarum

239 3894 387 3952 exercitus
409 3893 644 3954 benevolentiam
666 3893 893 3967 imperatoribus
909 3896 938 3951 et
952 3908 1000 3950 res
1016 3890 1159 3951 adversae
1175 3892 1242 3950 odia
1257 3908 1323 3950 con·
