2964 4506
229 243 270 301 60
599 242 648 297 DE
667 241 784 298 Bruto
804 241 918 298 01va

227 419 352 477 Proinde
374 419 412 477 ad
433 417 580 491 praedam,
604 418 642 476 ad
657 418 782 491 gloriam
796 423 962 492 properate,
986 422 1020 476 ut
1040 416 1098 476 iam
1113 419 1149 477 de
1164 418 1301 492 praemiis

188 528 203 576 4
224 521 332 580 vestris
356 528 387 579 et
408 521 444 578 de
466 520 623 578 referenda
645 521 743 593 gratia
764 520 896 593 cogitare
911 513 1101 594 incipiemus'.
1137 520 1235 579 Erant
1250 538 1303 594 per

224 640 255 682 se
276 640 393 698 magna,
415 639 490 695 quae
512 627 668 695 gesserant
690 622 810 698 equites,
838 622 1011 696 praesertim
1033 640 1098 682 oum
1120 639 1221 681 sorum
1243 623 1302 681 exi-

224 741 300 798 guus
331 741 469 782 numerus
501 740 566 782 cum
599 729 685 782 tanta
718 724 905 782 multitudine
926 724 1119 784 Numidarum
1142 725 1301 783 confertur.

227 826 309 886 Haec
331 833 430 885 tamen
454 828 490 885 ab
513 825 583 900 ipsis
604 825 736 885 inflatius
757 828 1071 902 commemorabantur,
1104 831 1139 884 ut
1171 826 1208 884 de
1242 825 1301 884 suis

187 935 201 983 5
224 929 353 988 homiues
375 928 511 988 laudibus
533 927 661 986 libenter
687 928 868 1002 praedicant.
908 928 1005 987 Multa
1026 933 1185 1002 praeterea
1206 927 1300 1003 spolia

222 1032 483 1105 praeferebantur,
512 1031 593 1104 eapti
621 1029 752 1089 homines
780 1029 947 1103 equitesque
975 1030 1225 1104 producebantur,
1259 1035 1301 1104 ut,

223 1133 360 1206 quiequid
387 1132 586 1191 intercederet
617 1133 770 1207 temporis,
803 1132 857 1190 hoc
889 1148 972 1190 omne
1004 1132 1160 1191 victoriam
1192 1131 1302 1189 morari

184 1241 199 1290 6
222 1235 383 1294 videretur.
410 1234 459 1294 Ita
474 1235 537 1308 spei
553 1233 688 1294 Curionis
703 1235 830 1293 militum
845 1233 944 1292 studia
955 1251 1013 1293 nou
1024 1234 1154 1294 deerant.
1176 1233 1301 1306 Equites

222 1339 304 1410 sequi
326 1338 409 1396 iubet
437 1353 501 1396 sese
528 1338 644 1410 iterque
673 1338 830 1412 accelerat,
858 1343 893 1395 ut
915 1353 1001 1410 quam
1022 1337 1148 1396 maxime
1169 1354 1206 1395 ex
1227 1338 1300 1410 fuga

222 1439 400 1512 perterritos
423 1437 534 1496 adoriri
556 1443 663 1510 posset.
696 1437 739 1496 At
760 1438 807 1497 illi
828 1439 936 1496 itinere
951 1438 1043 1497 totius
1066 1439 1161 1496 noctis
1176 1439 1301 1497 confecti

220 1539 359 1612 subsequi
380 1555 437 1597 non
452 1542 591 1612 poterant
613 1543 701 1612 atque
723 1539 776 1597 alii
796 1540 855 1599 alio
870 1540 932 1597 loco
948 1540 1133 1599 resistebant.
1161 1539 1207 1598 Ne
1228 1539 1300 1598 haee

221 1642 337 1715 quidem
360 1659 408 1700 res
431 1639 587 1700 Curionem
609 1642 646 1699 ad
669 1658 749 1714 spem
771 1643 948 1700 morabatur.

304 1736 362 1806 40.
384 1743 460 1801 Iuba
480 1743 591 1800 certior
612 1743 710 1801 iactus
725 1759 744 1801 a
762 1742 896 1802 Saburra
917 1743 953 1802 de
975 1749 1118 1802 nocturno
1140 1744 1252 1818 proelio
1273 1760 1298 1800 11

218 1846 301 1903 milia
323 1845 524 1919 Hispanorum
551 1849 582 1903 et
604 1843 757 1904 Gallorum
784 1847 926 1921 equitum,
955 1861 1027 1919 quos
1053 1863 1124 1905 suae
1150 1845 1298 1904 custodiae

220 1964 310 2006 causa
332 1948 441 2005 circum
456 1963 488 2005 se
509 1947 619 2005 habere
634 1954 798 2022 consuerat,
821 1953 851 2006 et
872 1948 1003 2022 peditum
1019 1965 1083 2006 eam
1104 1955 1227 2022 partem,
1251 1946 1298 2004 oui

183 2057 196 2106 2
219 2050 345 2108 maxime
360 2048 531 2123 confidebat,
555 2047 704 2108 Saburrae
719 2049 878 2124 submittit;
900 2050 963 2123 ipse
982 2066 1047 2108 cum
1069 2050 1192 2122 reliquis
1207 2049 1297 2122 copiis

180 2151 442 2224 selephantisque
468 2167 508 2208 ux
539 2150 650 2209 lentius
679 2152 876 2226 subsequitur.
923 2150 1096 2225 Suspicatus
1127 2151 1296 2224 praemissis

217 2253 363 2325 equitibus
385 2253 481 2326 ipsum
503 2251 605 2312 adfore
620 2252 776 2312 Curionem
792 2253 923 2312 Saburra
945 2254 1043 2327 copias
1065 2253 1194 2325 equitum
1214 2253 1296 2324 pedi·

216 2361 336 2428 tumque
369 2355 494 2414 instruit
527 2361 616 2429 atque
648 2355 695 2413 his
727 2357 866 2430 imperat,
900 2360 934 2413 ut
964 2355 1150 2413 simulatione
1179 2355 1295 2412 timoris

217 2458 362 2531 paulatim
377 2458 484 2516 cedant
499 2474 533 2516 ac
546 2457 650 2532 pedem
661 2457 807 2530 referant3
823 2473 894 2533 sese,
911 2473 974 2516 cum
990 2473 1063 2531 opus
1078 2461 1163 2531 esset,
1178 2456 1296 2529 signum

217 2561 323 2635 proelii
345 2560 485 2620 daturum
507 2566 545 2635 et,
567 2560 644 2633 quod
665 2576 727 2618 rem
749 2561 900 2634 postulare
923 2559 1113 2633 cognovisset,
1135 2560 1296 2632 imperatu·

176 2673 191 2722 4
217 2679 290 2722 rum.
335 2661 423 2721 Curio
454 2663 491 2720 ad
520 2664 700 2736 superiorem
728 2679 809 2734 spem
835 2661 938 2720 addita
963 2662 1129 2736 praesentis
1154 2661 1295 2734 temporis

215 2766 351 2838 opinione
373 2765 473 2822 hostes
503 2763 608 2836 ingere
631 2764 794 2821 arbitratus
816 2765 915 2838 copias
937 2779 973 2822 ex
1000 2763 1072 2821 loeis
1094 2763 1295 2835 superioribus

211 2867 243 2924 in
265 2882 398 2938 campum
421 2864 546 2922 deducit.

299 2961 361 3032 41.
384 2964 496 3035 Quibus
512 2981 547 3022 ex
562 2964 635 3023 loeis
650 2980 714 3022 oum
730 2965 847 3038 lougius
862 2972 940 3024 esset
956 2981 1144 3041 progressus,
1162 2966 1294 3025 confecto

174 3079 187 3128 2
210 3072 269 3129 iam
284 3070 385 3127 labore
400 3068 533 3125 exercitu
548 3085 593 3125 x11
608 3067 722 3126 milium
737 3069 836 3141 spatio
852 3069 996 3128 consistit
1024 3068 1087 3127 Dat
1102 3069 1163 3128 suis
1177 3071 1294 3142 signum

212 3171 351 3245 Saburra,
374 3170 466 3228 aciem
488 3170 642 3228 coustituit
656 3174 686 3228 et
699 3169 859 3229 circumire
874 3171 992 3229 ordines
1007 3176 1095 3244 atque
1112 3171 1228 3230 hortari
1249 3172 1294 3228 in-

211 3274 299 3347 cipit;
322 3273 373 3332 sed
394 3272 528 3347 peditatu
551 3272 704 3332 dumtaxat
725 3274 829 3346 prooul
847 3274 884 3331 ad
906 3274 1031 3347 speciem
1054 3274 1158 3348 utitur,
1182 3274 1293 3345 equites

173 3385 188 3434 a
210 3376 242 3434 in
264 3376 356 3434 aciem
378 3375 520 3433 immittit.
553 3374 620 3432 Non
642 3374 724 3432 deest
746 3375 866 3447 negotio
889 3373 977 3434 Curio
1001 3391 1124 3449 suosque
1146 3374 1292 3450 hortatur,

215 3484 250 3536 ut
273 3493 354 3550 spem
376 3493 488 3534 omnem
510 3476 542 3534 iu
564 3477 678 3535 virtute
699 3480 850 3548 reponant
883 3475 928 3535 Ne
948 3477 1091 3536 militibus
1113 3477 1236 3552 quidem,
1259 3483 1294 3535 ut

212 3580 343 3654 defessis,
364 3593 458 3651 neque
474 3579 633 3653 equitibus,
655 3582 688 3637 ut
709 3579 812 3653 paucis
827 3585 858 3636 et
879 3579 981 3638 labore
996 3580 1142 3655 confectis,
1166 3579 1293 3639 studium

214 3682 252 3740 ed
274 3680 463 3754 pugnandum
478 3680 633 3754 virtusque
655 3680 770 3754 deerat;
793 3681 844 3740 sed
865 3681 897 3739 hi
919 3686 1004 3741 erant
1024 3698 1145 3740 numero
1160 3698 1200 3756 cc,
1223 3682 1293 3739 reli-

173 3793 188 3842 4
214 3784 263 3856 qui
286 3783 318 3840 iu
332 3783 438 3841 itinere
453 3783 656 3842 substiterant.
686 3783 734 3858 Hi,
752 3799 961 3857 quamcumque
976 3786 1007 3843 iu
1021 3789 1137 3858 partem
1151 3785 1292 3857 impetum

211 3886 352 3959 fecerant,
374 3885 472 3943 hostes
486 3885 549 3943 loco
565 3885 667 3944 cedere
683 3887 833 3961 cogebant,
857 3886 907 3944 sed
922 3903 1015 3960 neque
1037 3886 1155 3959 longius
1176 3886 1292 3960 fugien-
