2964 4506
224 259 244 318 8
603 257 652 312 nn
671 257 789 314 sueno
809 245 926 313 oium

224 452 255 494 se
287 433 470 509 cupidissime
498 431 626 493 facturos
652 434 833 508 pollicentur.
878 433 981 494 Milites
1009 432 1145 509 imperat:
1178 431 1306 493 mittunt.

189 547 204 596 3
226 537 340 596 Interea
361 535 438 611 legio
453 553 504 596 x11.
520 533 670 595 Caesarem
694 537 888 610 consequitur.
926 534 999 595 Cum
1022 534 1068 594 his
1091 535 1204 594 duabus
1218 534 1306 594 Ascu-

225 639 285 696 lum
301 637 438 697 Picenum
461 635 659 711 proficiscitur.
697 637 731 696 Id
753 637 891 712 oppidum
906 637 1046 696 Lentulus
1061 636 1196 712 Spinther
1217 656 1237 694 x
1259 653 1303 695 co-

225 739 358 799 hortibus
380 738 512 816 tenebat3
535 741 587 814 qui
603 737 733 798 Caesaris
755 739 882 799 adventu
904 739 1019 815 cognito
1041 737 1172 814 profugit
1193 755 1229 798 ex
1251 755 1300 812 op·

228 841 298 919 pido
321 841 509 917 cohortesque
524 859 620 902 secum
636 842 779 902 abducere
795 847 915 902 conatus
929 861 948 900 a
962 860 1070 918 magna
1083 845 1165 915 parte
1179 841 1302 900 militum

196 945 378 1004 tdeseritnr.
413 944 538 1004 Relictus
566 943 595 1002 in
621 944 724 1004 itinere
755 962 819 1004 cum
848 943 947 1018 paucis
968 944 1069 1004 incidit
1096 943 1126 1002 in
1148 942 1306 1003 Vibullium

227 1044 337 1106 Rufum
359 1047 479 1105 missurn
502 1064 520 1105 a
541 1045 679 1119 Pompeio
700 1048 732 1104 in
754 1064 856 1122 agrum
880 1047 1018 1105 Picenum
1042 1043 1306 1105 confirmandorum

228 1148 377 1207 hominum
393 1165 489 1208 causa.
509 1149 535 1206 Α
551 1166 608 1223 quo
624 1147 718 1208 factus
729 1147 874 1207 Vibullius
886 1149 998 1221 certior,
1014 1164 1089 1222 quae
1099 1165 1144 1206 res
1159 1147 1188 1206 in
1200 1146 1307 1206 Piceno

190 1259 204 1307 5
230 1253 404 1326 gererentur,
419 1249 522 1309 milites
536 1250 573 1309 ab
590 1267 624 1309 eo
640 1249 751 1325 accipit,
773 1251 869 1324 ipsum
884 1248 1011 1308 dimittit.
1038 1249 1112 1309 Item
1127 1265 1164 1307 ex
1178 1245 1308 1306 finitimis

225 1350 392 1427 regionibns
414 1369 487 1427 quas
508 1357 604 1428 potest
626 1350 768 1411 contrahit
789 1351 920 1411 cohortes
942 1369 978 1410 ex
994 1349 1143 1410 dilectibus
1158 1348 1306 1423 Pompeia

227 1453 289 1530 nis,
311 1452 342 1510 in
364 1452 409 1512 his
432 1450 584 1512 Camerino
607 1451 768 1528 fugientem
790 1453 934 1512 Lucilium
957 1453 1076 1511 Hirrum
1100 1469 1165 1511 cum
1187 1467 1239 1509 sex
1261 1467 1306 1509 co·

228 1554 366 1633 hortibus,
389 1573 462 1631 quas
483 1555 524 1614 ibi
545 1555 574 1613 in
597 1554 738 1630 praesidio
758 1555 907 1631 habuerat,
930 1554 1050 1631 excipit3
1075 1553 1179 1628 quibus
1202 1551 1307 1612 coactis

189 1669 203 1716 6
228 1677 282 1716 xm
304 1656 405 1718 efficit.
442 1656 515 1717 Cum
537 1657 581 1716 his
603 1657 640 1716 ad
655 1657 815 1716 Domitium
830 1656 1056 1716 Ahenobarbum
1074 1653 1232 1715 Corfinium
1247 1671 1307 1712 rna·

229 1760 292 1836 gnis
314 1760 468 1821 itineribus
481 1760 613 1837 pervenit
628 1759 839 1835 Caesaremque
855 1759 955 1819 edesse
975 1776 1040 1818 cum
1061 1757 1223 1834 legionibus
1238 1756 1306 1816 dua·

186 1863 280 1922 rbus
301 1863 423 1922 nuntiat.
460 1863 606 1922 Domitius
632 1879 685 1938 per
710 1879 742 1922 se
770 1861 881 1922 circiter
902 1881 943 1920 xx
971 1860 1101 1921 cohortes
1123 1860 1200 1919 Alba
1221 1863 1250 1918 et
1271 1876 1307 1918 ex

226 1965 330 2024 Marsis
352 1969 381 2024 et
402 1964 546 2041 Paelignis
567 1963 754 2038 finitimisque
775 1963 941 2040 regionibus
963 1967 1105 2038 coegerat.

310 2060 365 2129 16.
403 2067 528 2142 Recepto
558 2066 655 2126 Firmo
685 2067 864 2142 expulsoque
891 2065 1013 2125 Lentulo
1043 2063 1148 2126 Caesar
1174 2059 1306 2136 conquiri

228 2167 341 2245 milites,
363 2170 415 2243 qni
437 2168 474 2228 ab
497 2186 531 2229 eo
553 2168 749 2245 discesserant,
772 2168 965 2243 dilectumque
986 2166 1100 2226 institui
1120 2165 1217 2242 iubet,
1244 2165 1307 2240 ipse

227 2289 319 2330 unum
342 2270 417 2331 diem
439 2271 481 2329 ibi
502 2273 544 2330 rei
566 2269 773 2330 frumentariae
795 2289 882 2330 causa
903 2275 1032 2330 moratus
1056 2266 1216 2329 Corfinium
1239 2283 1307 2326 eon·

187 2385 201 2434 2
228 2373 328 2434 tendit
365 2373 408 2432 Eo
436 2391 501 2432 cum
529 2371 661 2448 venisset,
688 2371 819 2432 cohortes
840 2389 860 2428 v
881 2369 1056 2447 praemissae
1082 2366 1249 2428 aDomitio
1271 2383 1308 2425 cx

229 2475 338 2551 oppido
366 2478 484 2548 pontem
512 2472 643 2533 fluminis
664 2473 927 2550 interrumpebant,
959 2471 1010 2546 qui
1043 2475 1105 2530 erat
1134 2471 1171 2528 ab
1199 2467 1308 2544 oppido

188 2590 203 2638 3
230 2579 313 2636 milia
327 2595 464 2652 passuum
481 2577 589 2636 circiter
603 2595 645 2638 111.
668 2576 714 2635 Ibi
728 2593 793 2636 cum
809 2574 1042 2635 antecursoribus
1057 2571 1186 2633 Caesaris
1199 2568 1310 2647 proelio

234 2681 386 2739 commisso
419 2679 546 2738 celeriter
570 2677 729 2738 Domitiani
757 2695 776 2735 a
802 2682 891 2752 ponte
922 2676 1030 2752 repulsi
1058 2693 1089 2734 se
1117 2674 1146 2733 in
1169 2672 1309 2748 oppidum

188 2794 202 2843 4
232 2785 411 2856 receperunt
447 2780 552 2840 Caesar
579 2779 740 2855 legionibus
766 2778 905 2838 traductis
938 2776 975 2835 ad
1010 2777 1149 2852 oppidum
1184 2772 1311 2836 constitit

232 2883 372 2957 iuxtaque
393 2899 507 2940 murum
530 2885 623 2940 casua
642 2879 748 2955 posuit.

312 2977 363 3044 17.
390 2984 433 3042 Re
455 2982 571 3058 cognita
585 2981 731 3041 Domitius
753 2980 791 3039 ad
806 2980 978 3056 Pompeium
999 2979 1029 3038 in
1045 2979 1181 3055 Apuliam
1202 2977 1309 3054 peritos

229 3087 383 3162 regionum
405 3102 512 3161 magno
534 3084 682 3162 proposito
704 3082 832 3160 praemio
855 3100 920 3142 cum
943 3081 1042 3142 litteris
1063 3081 1163 3158 mittit,
1192 3082 1243 3157 qui
1264 3096 1312 3156 pe·

230 3193 293 3248 tant
315 3193 403 3263 atque
418 3192 508 3254 orent,
530 3192 563 3247 ut
577 3188 633 3248 sibi
647 3188 818 3247 subveniat:
843 3185 994 3246 Caesarem
1009 3184 1125 3244 duobus
1140 3183 1312 3244 exercitibus

230 3299 260 3354 et
280 3293 409 3352 locorum
438 3292 582 3367 angustiis
609 3289 693 3349 facile
713 3287 866 3348 intercludi
887 3304 973 3362 posse
994 3283 1198 3360 frumentoque
1219 3283 1314 3360 prohi-

190 3405 205 3456 2
227 3395 298 3456 beri.
342 3395 428 3468 Quod
449 3393 505 3454 nisi
526 3391 640 3468 fecerit,
667 3409 705 3450 se.
724 3389 912 3463 cohortesque
934 3388 1058 3464 amplius
1080 3407 1140 3446 xxx
1161 3405 1314 3463 magnum·

229 3515 286 3573 que
307 3514 460 3556 nnmerum
481 3499 647 3554 senatorum
670 3497 758 3567 atque
780 3490 908 3566 equitum
924 3491 1122 3550 Romanorum
1143 3491 1175 3549 in
1197 3489 1310 3564 pericu·

192 3609 207 3658 3
230 3609 291 3666 lum
314 3618 376 3660 esse
398 3602 561 3658 venturum.
597 3597 716 3655 Interim
738 3612 806 3654 snos
829 3593 995 3654 cohortatus
1011 3597 1155 3653 tormenta
1176 3595 1206 3652 in
1221 3594 1313 3653 muris

232 3701 357 3778 disponit
386 3705 535 3775 certasque
565 3700 670 3774 cuique
697 3701 793 3773 partes
821 3696 857 3754 ad
883 3695 1042 3756 custodiam
1064 3695 1144 3755 urhis
1166 3694 1312 3771 attribuit3

195 3813 211 3862 4
231 3803 370 3864 militibus
392 3803 420 3862 in
445 3801 578 3863 contione
597 3818 682 3878 agros
697 3819 734 3860 ex
748 3799 807 3859 suis
822 3798 1050 3875 possessionibus
1064 3797 1222 3874 pollicetur,
1244 3813 1312 3870 qua

232 3912 315 3966 terna
325 3905 354 3964 in
364 3905 494 3981 singulos
506 3905 607 3980 iugera
618 3909 647 3964 et
657 3922 710 3980 pro
722 3905 786 3962 rata
795 3906 879 3978 parte
891 3899 1107 3962 centurionibus
1121 3898 1317 3973 evocatisque.

1465 338 1476 412 ἰ
