2964 4506
621 273 642 328 I.
662 278 770 328 50-56.
1202 275 1243 333 25

165 449 256 508 menti
278 450 371 527 copia,
391 466 480 525 pecus
493 448 671 525 imperabat3
695 448 809 508 calones
824 447 862 507 ad
883 448 1098 525 longinquiores
1112 450 1244 510 civitates
1275 483 1280 491 ·

166 550 345 629 dimittebat;
376 553 439 628 ipse
464 555 643 628 praesentem
674 551 804 627 Inopiam
834 551 941 626 quibus
968 556 1083 626 poterat
1110 551 1246 612 subsidiis

166 652 323 712 tutabatur.

250 747 309 820 53.
332 754 414 814 Haeo
434 751 573 812 Afranius
602 752 789 828 Petreiusque
816 757 846 813 et
873 771 973 813 eorum
1002 753 1086 815 amici
1113 754 1245 830 pleniora

166 857 254 916 etiam
277 861 365 932 atque
386 855 521 915 uberiora
535 856 657 915 Romam
680 855 717 914 ad
738 873 807 915 suos
828 856 1052 932 perscribebant.
1084 857 1176 916 Multa
1196 866 1281 916 ιιι-2

165 976 229 1018 mor
250 957 434 1034 adtingebat,
462 961 495 1016 ut
515 974 608 1034 paene
629 958 736 1017 bellum
758 956 921 1018 coniectum
942 958 1098 1019 videretur.
1131 958 1245 1032 Quibus
1266 967 1281 1016 3

168 1060 271 1119 litteris
293 1059 459 1135 nuntiisque
481 1059 604 1119 Romam
633 1061 750 1136 perlatis
772 1060 872 1136 magui
893 1078 1048 1121 concursus
1070 1061 1108 1120 ad
1128 1060 1245 1120 Afranii

165 1162 283 1221 domum
312 1179 495 1238 magnaeque
523 1162 730 1237 gratulationes
762 1161 889 1240 iiebant3
919 1163 1001 1222 mulli
1029 1181 1066 1223 ex
1094 1164 1180 1222 Italia
1207 1162 1245 1222 ad

165 1263 218 1323 On.
234 1264 406 1341 Pompeium
427 1263 693 1340 proficiscebantur,
715 1265 774 1341 alii,
795 1269 830 1325 ut
843 1265 987 1343 principes
1001 1266 1088 1325 talem
1110 1266 1244 1325 nuntium

164 1366 303 1444 attulisse,
326 1365 384 1444 alii,
406 1384 443 1425 ne
465 1370 601 1425 eventum
624 1365 690 1426 belli
712 1371 894 1443 exspectasse
916 1372 967 1427 aut
988 1385 1025 1427 ex
1040 1367 1174 1428 omnibus
1195 1386 1244 1428 no

166 1468 276 1528 nissimi
297 1469 411 1528 venisse
432 1468 606 1528 viderentur.
745 1541 749 1546 ἱ

248 1565 302 1635 54.
336 1570 409 1630 Oum
431 1571 461 1629 in
484 1570 529 1630 his
551 1570 692 1646 angustiis
714 1589 760 1630 res
781 1575 856 1631 esset
888 1575 976 1647 atque
998 1588 1098 1632 omnes
1119 1572 1184 1632 viae
1206 1574 1244 1632 ab

167 1671 334 1732 Afranianis
356 1672 493 1732 militibus
515 1673 722 1748 equitibusque
752 1672 952 1733 obsiderentur
982 1691 1037 1733 nec
1057 1677 1161 1750 pontes
1181 1692 1245 1750 per-

162 1772 215 1833 lici
236 1779 366 1851 possent,
394 1777 519 1851 imperat
540 1775 679 1834 militibus
702 1773 821 1852 (lassu,
849 1782 882 1835 ut
903 1792 993 1835 naves
1013 1774 1137 1850 iaciant,
1160 1777 1243 1836 cuius

165 1877 279 1952 generis
294 1894 360 1936 eum
375 1876 572 1953 superioribus
587 1876 670 1936 annis
685 1895 755 1936 usus
769 1877 938 1937 Britanniae
953 1877 1098 1938 docuerat.
1123 1877 1245 1938 Carinae
1266 1885 1281 1936 2

163 1995 201 2038 ac
221 1978 316 2054 prima
336 1979 495 2038 statumina
515 1997 552 2039 ex
579 1980 637 2039 levi
664 1980 787 2038 materia
813 1977 941 2056 iiebant3
970 1979 1112 2055 reliquum
1134 1997 1241 2056 corpus

163 2081 284 2139 navium
305 2081 465 2140 viminibus
487 2085 654 2140 contextum
677 2081 763 2140 coriis
785 2081 978 2156 integebatur.
1016 2081 1078 2140 Has
1099 2079 1242 2157 periectas
1264 2090 1279 2139 3

102 2189 104 2195 ’
164 2182 251 2242 carris
272 2183 379 2242 iunctis
400 2182 516 2243 devehit
529 2188 618 2244 noctu
637 2182 718 2241 milia
737 2199 876 2259 passuum
892 2200 910 2241 a
932 2184 1031 2243 castris
1046 2201 1110 2242 xxm
1130 2183 1244 2243 milites·

163 2302 221 2360 que
242 2284 286 2344 bis
307 2286 433 2345 navibus
454 2284 565 2345 flumen
580 2289 758 2362 transportat
772 2285 1025 2361 continentemque
1039 2285 1121 2361 ripae
1143 2287 1244 2346 collem

161 2386 317 2463 improviso
340 2393 472 2462 occupat.
517 2388 606 2447 Hune
627 2387 770 2464 celeriter,
792 2389 874 2463 prius
896 2406 984 2463 quam
1007 2389 1045 2447 ab
1067 2388 1278 2448 adversarilsl

168 2488 322 2565 sentiatur,
344 2490 510 2551 communit.
554 2490 621 2549 Huc
641 2490 784 2566 legionem
809 2495 911 2566 postea
932 2489 1077 2550 transiecit
1098 2495 1186 2566 atque
1209 2508 1246 2550 ex

161 2595 286 2665 utraque
310 2595 393 2667 parte
420 2595 539 2666 pontem
565 2590 696 2666 instituit,
724 2591 888 2650 institutum
914 2590 1003 2650 biduo
1031 2590 1159 2669 perieoit.
1201 2593 1247 2651 Ita
1268 2601 1284 2651 5

163 2697 340 2753 commeatus
361 2699 391 2754 et
412 2692 462 2768 qui
475 2691 612 2752 immenti
634 2709 721 2752 causa
735 2697 935 2768 pmcesaerant
956 2697 1019 2753 tuto
1041 2693 1080 2752 ad
1092 2710 1124 2753 se
1146 2693 1246 2770 recipit

163 2801 192 2856 et
219 2812 280 2854 rem
302 2794 520 2854 frumentariam
543 2793 678 2871 expedire
699 2793 808 2871 incipit.

249 2891 304 2959 bt.
339 2897 449 2958 Eodem
471 2896 520 2957 die
541 2896 670 2973 equitum
692 2914 830 2973 magnam
852 2902 964 2971 partem
986 2895 1097 2957 flumen
1121 2896 1242 2958 traiecit.

165 2998 223 3072 Qui
244 2999 428 3076 inopinantes
454 3000 640 3077 pabulatores
661 3004 691 3060 et
716 3000 778 3060 sine
807 2999 866 3060 ullo
894 2999 1046 3077 dissipatos
1068 3003 1172 3061 timore
1194 3000 1242 3060 ad-

165 3099 255 3177 gressi
284 3119 423 3176 magnum
455 3118 608 3160 numerum
634 3100 827 3161 iumentorum
861 3107 950 3176 atque
982 3102 1132 3163 hominnm
1159 3103 1242 3164 inter-

166 3203 277 3280 cipiunt
298 3202 521 3278 cohortibusque
551 3202 683 3262 caedatis
703 3201 831 3262 subsidio
853 3202 946 3262 missis
973 3205 1096 3265 scienter
1116 3207 1147 3264 in
1169 3206 1242 3266 duas
1265 3213 1281 3265 t

165 3310 263 3383 partes
284 3322 347 3365 sese
372 3304 564 3382 distribuunt,
593 3303 642 3364 alii
663 3309 696 3364 ut
723 3303 849 3381 praedae
876 3304 1019 3381 praesidio
1045 3305 1115 3384 sint,
1143 3306 1191 3365 alii
1212 3312 1246 3368 ut

166 3406 348 3466 venientibus
375 3406 509 3466 resistant
531 3411 620 3482 atque
641 3423 690 3466 eos
712 3406 889 3484 propellant,
921 3423 1069 3482 unamque
1090 3405 1282 3486 cohortem,³

168 3523 244 3583 quae
265 3511 371 3566 temere
393 3512 461 3568 aute
483 3513 591 3568 ceteras
613 3513 696 3568 extra
716 3508 807 3567 aciem
828 3512 1024 3583 procurreret,
1046 3509 1185 3569 seclusam
1207 3510 1245 3570 ab

168 3608 285 3685 reliquis
301 3610 530 3671 circumveniunt
540 3616 629 3686 atque
640 3608 818 3671 interficiunt
828 3611 1045 3687 incolumesque
1060 3630 1125 3672 oum
1139 3629 1248 3688 magna

168 3711 277 3791 praeda
298 3710 399 3772 eodem
423 3719 512 3788 ponte
533 3714 563 3772 in
586 3718 681 3774 castra
694 3719 886 3775 revertuntur.

159 3855 171 3908 ;
254 3809 310 3879 ab.
331 3813 410 3872 Dum
432 3814 504 3876 baec
517 3815 554 3874 ad
569 3815 693 3876 ilerdam
708 3820 856 3890 geruntur,
878 3815 1067 3876 Massilienses
1081 3815 1126 3876 usi
1140 3816 1173 3877 L.
1189 3817 1247 3878 Do

169 3917 241 3978 mitii
263 3916 381 3978 consilio
396 3934 486 3976 naves
500 3917 603 3994 longas
617 3917 778 3993 expediunt
792 3935 913 3978 numero
928 3936 999 3996 xvn,
1020 3935 1143 3994 quarum
1166 3921 1248 3980 erant
