2964 4506
251 203 290 260 12
454 180 456 184 ’
624 202 675 258 nn
693 202 813 259 sunno
832 199 946 258 orvrnr

249 378 312 437 dies
344 378 381 436 ad
416 377 574 438 Corfinium
612 383 804 439 commoratus
840 383 869 438 et
904 393 956 451 per
988 375 1062 437 fines
1093 376 1331 455 Marrucinorum,

248 480 472 557 Frentanorum,
493 479 669 540 Larinatium
693 481 723 539 iu
744 479 878 556 Apuliam
899 478 1038 556 pervenit.

336 575 392 646 24.
416 581 571 657 Pompeius
592 581 636 642 his
658 583 744 642 rebus
767 581 895 658 cognitis,
917 599 992 656 quae
1014 585 1095 640 erant
1117 582 1153 640 ad
1170 581 1329 642 Corfinium

249 689 363 761 gestae,
390 685 510 745 Luceria
531 684 723 761 proficiscitur
745 683 900 743 Canusium
930 688 1017 758 atque
1043 683 1111 743 inde
1133 684 1327 744 Brundisium.

211 795 225 843 2
250 785 355 862 Copias
381 786 510 861 undique
538 804 637 846 omnes
666 805 703 845 ex
731 786 814 846 novis
842 785 991 846 dilectibus
1017 785 1054 844 ad
1081 803 1113 845 se
1139 787 1205 862 cogi
1231 787 1327 866 iubet3

247 907 359 966 servos,
388 895 518 966 pastores
546 893 639 948 armat
669 894 757 963 atque
783 888 819 947 iis
847 905 938 962 equos
969 888 1114 948 attribuit:
1143 907 1179 950 ex
1204 889 1250 948 his
1278 889 1327 950 cir-

210 999 225 1048 3
247 990 316 1050 citer
331 1008 382 1049 ooo
398 990 508 1066 equites
523 989 649 1050 conficit.
675 990 708 1048 L.
724 989 850 1048 Manlius
863 993 980 1065 praetor
992 990 1069 1049 Alba
1084 1010 1148 1051 cum
1165 991 1328 1053 cohortibus

246 1109 298 1151 sex
320 1091 462 1168 profugit,
485 1091 608 1152 Rutilius
622 1093 722 1168 Lupus
744 1096 860 1166 praetor
873 1091 1030 1151 Tarracina
1045 1110 1108 1151 cum
1125 1094 1228 1171 tribus3
1253 1111 1328 1168 qnae

245 1195 347 1271 procul
363 1195 521 1269 equitatum
539 1193 667 1254 Caesaris
682 1193 871 1270 conspicatae,
891 1193 937 1253 oui
951 1198 1084 1269 praeerat
1096 1194 1201 1255 Vibius
1216 1195 1327 1274 Curius,

246 1297 350 1357 relictis
370 1297 553 1373 praetoribus
581 1297 666 1373 signa
687 1297 724 1355 ad
748 1295 865 1356 Curium
895 1295 1072 1356 transferunt
1093 1302 1181 1374 atque
1202 1298 1240 1357 ad
1261 1316 1327 1358 eum

211 1409 226 1456 4
249 1404 408 1459 transeunt.
443 1400 515 1459 Item
538 1399 655 1474 reliquis
676 1398 825 1458 itineribus
840 1417 899 1458 non
914 1399 1010 1457 nullae
1025 1397 1155 1458 cohortes
1169 1401 1200 1459 iu
1221 1414 1326 1475 agmen

247 1501 386 1576 Caesaris,
408 1501 481 1560 aliae
495 1500 525 1558 in
548 1501 657 1575 equites
674 1500 812 1560 incidunt.
840 1500 1001 1560 Deducitur
1021 1499 1060 1558 ad
1081 1517 1147 1560 eum
1169 1501 1326 1578 deprensus

245 1621 282 1663 ex
303 1603 404 1663 itinere
425 1603 463 1660 N.
486 1603 602 1678 Magius
624 1601 778 1678 Cremona,
800 1600 963 1678 praefectus
983 1598 1099 1661 fabrum
1123 1601 1176 1664 Cn.
1197 1601 1325 1680 Pompei.

207 1714 222 1762 5
244 1705 337 1778 Quem
362 1704 467 1765 Caesar
496 1704 534 1762 ad
556 1721 622 1763 eum
650 1703 770 1763 remittit
795 1721 861 1763 cum
889 1703 1047 1762 mandatis:
1077 1705 1216 1778 quoniam
1238 1703 1326 1764 adid

243 1813 358 1884 tempus
379 1805 501 1866 facultas
524 1806 716 1881 conloquendi
737 1825 796 1866 non
816 1804 905 1866 fuerit
938 1812 1026 1882 atque
1056 1805 1118 1883 ipse
1138 1806 1325 1868 Brundisium

242 1909 280 1968 sit
302 1912 449 1983 venturus,
478 1907 615 1967 iuteresse
636 1907 677 1966 rei
699 1908 834 1984 publicae
856 1913 885 1967 et
906 1907 1065 1967 communis
1087 1907 1186 1968 salutis
1207 1926 1238 1968 se
1259 1927 1325 1968 oum

207 2021 222 2070 6
243 2009 383 2087 Pompeio
398 2010 550 2087 conloqui,
575 2027 669 2084 neque
683 2027 752 2069 vero
767 2009 842 2069 idem
862 2007 975 2086 profici,
998 2009 1086 2086 longo
1100 2009 1209 2070 itineris
1230 2011 1325 2087 spatio

221 2095 224 2100 ⁵
243 2130 307 2172 cum
331 2130 383 2189 per
405 2111 476 2171 alios
492 2112 672 2172 condiciones
686 2110 825 2188 ferantur,
847 2131 882 2173 ac
902 2112 927 2172 si
941 2130 1037 2172 coram
1053 2111 1089 2171 de
1103 2112 1238 2173 omnibus
1259 2131 1324 2172 con·

240 2214 402 2274 dicionibus
424 2213 605 2289 disceptetur.

327 2311 383 2378 25.
406 2315 460 2374 His
482 2316 557 2374 datis
572 2315 716 2375 mandatis
732 2315 920 2375 Brundisium
941 2334 1006 2376 cum
1031 2315 1195 2392 legionibus
1209 2333 1242 2373 vr
1262 2333 1325 2393 per-

241 2417 336 2494 venit,
357 2416 500 2478 veteranis
521 2435 555 2474 111
577 2421 605 2476 et
626 2416 757 2494 reliquis,
779 2434 851 2491 quas
877 2435 913 2476 ex
935 2435 1013 2476 novo
1035 2416 1140 2476 dilectu
1163 2415 1325 2477 confecerat

206 2527 221 2578 2
242 2526 331 2596 atque
352 2519 382 2578 in
397 2519 497 2580 itinere
513 2520 720 2598 compleverat3
744 2518 924 2580 Domitianas
946 2509 1022 2580 enim
1042 2519 1172 2581 cobortes
1194 2519 1325 2597 protinus

243 2641 261 2682 a
284 2621 413 2682 Corfinio
435 2622 465 2680 in
494 2621 617 2682 Siciliam
646 2622 770 2682 miserat.
816 2623 953 2699 Repperit
980 2623 1111 2683 consules
1132 2621 1325 2700 Dyrrachium

243 2724 389 2802 profectos
422 2742 487 2784 cum
520 2742 627 2800 magna
663 2729 745 2800 parte
777 2724 931 2796 exercitus,
969 2724 1138 2800 Pompeium
1176 2741 1324 2784 remanere

206 2827 388 2887 3Brundisii
411 2845 475 2886 oum
504 2825 670 2886 cohortibus
698 2845 754 2902 xx3
787 2844 881 2902 neque
920 2831 1027 2887 certum
1056 2826 1177 2886 inveniri
1202 2830 1325 2903 poterat,

243 2929 429 2990 obtinendine
451 2927 595 2988 Brundisii
623 2947 710 2988 causa
731 2928 771 2989 ibi
797 2928 990 3004 remansisset,
1019 2946 1077 3003 quo
1104 2927 1216 2989 facilius
1238 2946 1324 2989 omne

242 3031 439 3092 Hadriaticum
472 3048 551 3090 mare
587 3048 624 3090 ex
660 3030 767 3091 ultimis
800 3031 900 3090 Italiae
935 3031 1066 3107 partibus
1101 3032 1325 3108 reglonibusque

244 3134 382 3194 Graeciae
408 3134 438 3192 in
465 3137 609 3210 potestate
634 3133 754 3194 haberet
782 3138 869 3209 atque
896 3152 932 3194 ex
958 3138 1082 3209 utraque
1109 3140 1191 3210 parte
1217 3135 1326 3194 bellum

207 3246 222 3295 4
246 3237 444 3296 administrare
464 3241 575 3313 posset,
597 3254 634 3295 an
656 3236 755 3312 inopia
768 3236 886 3295 navium
908 3235 949 3296 ibi
969 3235 1129 3313 restitisset3
1152 3236 1326 3314 veritusque,

244 3357 282 3399 ne
292 3338 340 3398 ills
351 3338 463 3398 Italiam
475 3337 673 3397 dimittendam
684 3355 743 3396 nou
753 3336 936 3412 existimaret,
951 3336 1045 3396 exitus
1056 3336 1326 3398 administrationes·

243 3460 302 3518 que
323 3439 488 3500 Brundisini
509 3444 611 3517 portus
631 3439 771 3515 impedire
791 3439 921 3499 instituit.
960 3438 1091 3513 Quorum
1113 3457 1234 3516 opsmm
1255 3439 1327 3500 haec

207 3553 222 3602 5
244 3549 306 3605 erat
326 3543 408 3604 ratio
443 3541 509 3616 Qua
530 3541 630 3602 fauces
651 3547 734 3602 erant
754 3541 974 3618 angustissimae
994 3547 1104 3619 portus,
1125 3544 1216 3602 moles
1237 3547 1325 3618 atque

245 3663 383 3722 aggerem
405 3645 442 3704 ab
464 3649 588 3720 utraque
616 3650 698 3722 parte
725 3645 815 3705 litoris
836 3645 973 3722 iaciebat,
1003 3644 1081 3719 quod
1108 3643 1152 3704 his
1174 3644 1242 3704 locis
1264 3649 1326 3704 erat

207 3749 386 3808 ovadosnm
414 3765 502 3808 mare.
545 3747 676 3824 Longius
703 3765 887 3824 progressus,
915 3766 981 3808 cnm
1008 3764 1099 3823 agger
1126 3746 1226 3806 altiore
1247 3763 1326 3821 aqua

245 3849 384 3913 contineri
404 3868 463 3910 non
484 3856 590 3928 posset,
611 3855 687 3911 rates
709 3851 836 3928 duplices
858 3867 975 3926 quoque
1009 3867 1109 3909 versus
1130 3848 1237 3926 pedum
1267 3867 1327 3908 xxx
