2964 4506
228 263 290 322 100
603 263 652 318 Dn
670 261 787 318 senno
806 263 920 319 CIVILI

187 439 304 498 ouulla
330 437 441 498 ratione
468 437 521 497 iter
549 435 692 497 conticere
718 441 844 514 possent.
889 438 945 498 Sed
966 439 1151 515 Allobroges,
1180 440 1302 500 Roucilli

223 545 311 616 atque
332 539 388 616 Egi
409 538 573 615 familiares,
596 557 668 614 quos
689 537 851 616 perfugisse
873 540 910 599 ad
932 541 1102 617 Pompeium
1125 541 1302 602 demonstra-

222 641 324 718 vimus,
347 640 503 717 conspicati
516 639 545 698 in
561 639 661 700 itinere
685 641 879 715 exploratores
894 641 1013 701 Domitii
1039 660 1090 702 ssu
1105 641 1226 718 pristina
1247 662 1301 704 sua

223 742 438 819 cousuetudine,
460 742 539 817 quod
553 759 613 801 una
626 742 656 800 in
673 741 767 802 Gallia
782 743 858 802 bella
879 747 1039 819 gesserant,
1061 761 1112 803 seu
1128 744 1219 820 gloria
1234 745 1300 805 elati

222 850 333 922 cuncta,
355 850 388 904 ut
402 849 484 905 eraut
498 849 571 921 acta,
593 849 791 920 exposuerunt
812 850 841 905 et
857 844 986 906 Caesaris
1011 844 1229 924 protectionem,
1251 847 1299 906 ad-

185 952 339 1008 tvcntum
369 946 489 1023 Pompei
511 946 678 1006 docuerunt
720 947 746 1004 A
774 947 879 1022 quibus
906 947 1050 1008 Domitius
1077 947 1179 1008 certior
1204 947 1299 1009 factus

222 1051 271 1108 vix
293 1067 338 1108 nn
359 1049 494 1108 horarum
516 1049 610 1124 spatio
632 1049 803 1109 antecedens
825 1049 949 1109 hostium
972 1049 1114 1110 beneficio
1137 1052 1298 1126 periculum

221 1153 327 1212 vitavit
348 1156 377 1212 et
398 1152 435 1211 ad
449 1151 618 1228 Aeginium,
640 1151 719 1227 quod
740 1155 784 1212 est
805 1152 942 1228 oppidum
966 1153 1109 1213 obiectum
1124 1153 1298 1231 Tbessaliae,

222 1255 339 1315 Caesari
360 1253 488 1314 venienti
510 1255 643 1314 occurrit.

305 1350 360 1420 80.
384 1356 543 1437 Coniuncto
572 1356 698 1416 exercitu
728 1355 833 1416 eaeor
867 1355 1016 1433 Gomphos
1044 1357 1190 1434 pervenit,
1219 1357 1297 1433 quod

220 1463 264 1519 est
278 1458 416 1535 oppidum
431 1457 557 1534 primum
572 1457 738 1518 Thessaliae
752 1457 933 1519 venientibus
947 1459 986 1518 ah
1000 1459 1104 1536 Epir03
1129 1477 1204 1534 quac
1226 1475 1297 1536 gens

219 1559 320 1636 paucis
342 1564 409 1620 ante
423 1559 572 1619 mensibus
585 1561 661 1620 ultro
679 1560 717 1619 ad
732 1560 882 1620 Gaesarem
905 1562 1016 1637 legatos
1038 1561 1162 1639 miserat,
1184 1566 1217 1621 ut
1237 1563 1296 1622 suis

220 1663 357 1723 omnihus
381 1661 568 1722 facultatibus
581 1667 722 1739 uteretur,
743 1661 975 1738 praesidiumque
997 1663 1034 1722 ab
1057 1681 1091 1723 eo
1106 1663 1228 1724 mihtum
1249 1683 1297 1741 pe·

186 1771 200 1820 2
224 1767 317 1825 tierat.
363 1764 420 1825 Sed
442 1781 476 1824 eo
498 1764 578 1824 fama
598 1764 655 1824 iam
678 1769 887 1842 praecurrerat,
919 1783 1006 1841 quam
1028 1782 1117 1843 supra
1139 1765 1296 1846 docuimus,

181 1873 196 1922 3
220 1866 256 1926 de
280 1865 389 1942 proelio
411 1865 608 1943 Dyrrachino,
637 1867 716 1942 quod
743 1867 840 1927 multis
866 1871 987 1926 auxerat
1013 1867 1152 1942 partibus.
1194 1869 1297 1944 Itaque

218 1967 451 2046 Androsthenes,
482 1973 598 2045 praetor
629 1968 810 2046 Hessaliae,
847 1985 913 2029 oum
946 1985 979 2030 se
1009 1969 1144 2029 victoriae
1177 1971 1296 2047 Pompei

219 2070 355 2131 comitem
387 2089 449 2131 esse
470 2071 569 2131 mallet
597 2089 685 2147 quam
707 2070 816 2132 socium
839 2071 968 2132 anseds
995 2073 1025 2130 in
1047 2072 1133 2132 rehus
1160 2072 1295 2150 adversis,

219 2189 333 2231 omnem
350 2190 386 2232 ex
403 2174 482 2248 agris
497 2174 712 2234 multitudinem
727 2192 875 2234 servorum
891 2191 925 2234 ac
941 2175 1095 2235 liberorum
1111 2175 1141 2234 in
1156 2174 1293 2252 oppidum

219 2273 297 2349 cogit
311 2278 469 2350 portasque
482 2275 642 2350 praecludit
657 2281 686 2335 et
705 2276 741 2334 ad
757 2276 919 2350 Scipionem
936 2277 1164 2354 Pompeiumque
1178 2276 1294 2336 nuntios

219 2375 314 2453 mittit,
330 2380 363 2436 ut
377 2375 431 2437 sihi
453 2375 580 2436 subsidio
596 2379 730 2437 veniant:
753 2395 785 2438 se
800 2377 944 2438 confidere
959 2379 1165 2439 munitionibus
1187 2378 1293 2458 oppidi,

217 2478 242 2537 si
270 2478 398 2538 celeriter
426 2483 623 2558 succurratur3
652 2479 844 2556 longinquam
877 2482 1124 2558 oppugnationem
1155 2481 1295 2540 sustinere

182 2591 196 2640 4
218 2599 277 2641 non
307 2599 400 2656 posse.
444 2581 539 2658 Scipio
562 2578 692 2643 ‘discessu
719 2585 895 2644 exercituum
923 2584 961 2644 ab
987 2583 1149 2661 Dyrrachio
1179 2582 1293 2660 cognito

219 2682 350 2743 Larisam
372 2685 501 2760 legiones
523 2671 696 2762 adduxerat3
724 2681 883 2761 Pompeius
908 2686 1038 2746 nondum
1059 2685 1225 2745 Thessaliae
1246 2686 1293 2744 ad-

219 2785 443 2862 propinquabat.
487 2785 592 2846 (laesar
625 2785 722 2846 castris
754 2787 871 2845 munitis
902 2787 993 2846 scalas
1025 2788 1226 2860 musculosque
1256 2785 1293 2844 ad

180 2898 194 2947 5
215 2887 395 2963 repentinam
417 2887 664 2962 oppugnationem
690 2885 753 2944 fieri
776 2891 804 2946 et
827 2890 917 2946 crates
938 2886 1034 2962 parari
1055 2886 1147 2944 iussit.
1178 2885 1292 2959 Quibus

216 2988 302 3048 rebus
324 2985 435 3046 effectis
458 2985 622 3046 cohortatus
644 2986 747 3046 milites
770 2987 880 3062 docuit,
903 2991 1043 3063 quantum
1066 3005 1151 3047 usum
1174 2988 1293 3050 haberet

216 3089 253 3149 ad
267 3088 475 3149 sublevandam
487 3089 615 3149 omnium
626 3107 722 3150 rerum
737 3089 865 3166 inopiam
880 3089 965 3166 potiri
981 3089 1087 3167 oppido
1102 3091 1188 3166 pleno
1205 3096 1292 3167 atque

217 3193 368 3269 opulento,
390 3191 474 3251 simul
495 3191 615 3268 reliquis
636 3193 801 3253 civitatibus
828 3191 913 3252 huius
936 3191 1015 3252 urhis
1037 3193 1170 3270 exemplo
1192 3192 1291 3252 inierri

216 3301 353 3356 terrorem
382 3300 410 3355 et
435 3295 464 3354 id
486 3293 549 3354 fieri
571 3295 713 3372 celeriter,
741 3295 820 3370 prius
843 3313 930 3370 quam
953 3295 1062 3354 auxilia
1083 3301 1292 3356 concurrerent.

179 3409 194 3457 6
216 3399 319 3473 Itaque
339 3415 409 3456 usus
431 3396 569 3472 singulari
594 3397 716 3457 militurn
744 3397 838 3457 studio
867 3398 984 3474 eodem,
1011 3414 1069 3473 quo
1092 3404 1224 3476 venerat,
1245 3397 1291 3458 die

216 3504 283 3576 post
304 3498 404 3558 horam
425 3516 532 3558 nonam
555 3499 692 3575 oppidum
715 3498 856 3560 altissimis
878 3499 1030 3560 moenibus
1052 3517 1222 3576 oppugnare
1244 3499 1291 3558 ad-

217 3621 331 3679 gressus
347 3607 413 3661 ante
427 3601 494 3661 solis
509 3619 642 3661 occasum
657 3602 837 3679 expugnavit
850 3607 880 3662 et
897 3603 933 3661 ad
949 3602 1138 3679 diripiendum
1154 3601 1291 3662 militibus

217 3705 355 3765 concessit
376 3703 530 3778 statimque
545 3704 582 3764 ah
605 3705 712 3782 oppido
736 3709 829 3765 castra
846 3704 936 3765 movit
958 3710 986 3764 et
1007 3704 1187 3781 Metropolim
1210 3705 1291 3764 venit

216 3808 264 3884 sic,
286 3811 320 3866 ut
339 3807 456 3866 nuntios
478 3807 636 3882 expugnati
657 3806 756 3884 oppidi
776 3806 944 3883 famamque
965 3807 1152 3867 antecederet.

302 3902 357 3972 81.
380 3907 580 3984 Metropolitae
606 3909 698 3986 primo
722 3910 823 3969 eodem
845 3909 889 3969 usi
911 3907 1027 3970 oonsilio
1056 3908 1146 3967 isdem
1169 3909 1291 3983 permoti
