2964 4506
616 281 639 336 Ι.
657 285 768 336 41-45.
1197 283 1236 342 21

160 455 277 534 editior3
310 474 396 532 quem
429 459 455 517 si
488 456 685 535 occupavisset
717 457 822 518 Caesar
858 463 887 518 et
919 457 1167 535 communivisset,
1199 460 1238 519 ab
1259 467 1274 518 2

161 559 269 637 oppido
285 564 314 620 et
326 565 416 636 ponte
431 565 460 620 ct
474 564 636 620 commeatu
651 561 740 637 omui,
754 577 841 635 quem
856 559 886 618 in
898 559 1037 637 oppidum
1049 543 1250 638 contulerant*

160 678 192 721 se
213 661 432 722 interclusmum
447 661 627 722 adversarios
642 660 816 722 confidebat.
849 663 915 722 Hoc
928 679 1047 738 sperans
1062 658 1238 738 legiensem
1259 671 1275 721 3

161 781 198 823 cx
221 764 321 823 caeli-is
335 763 431 824 educit
444 765 565 840 acieque
580 765 611 822 in
632 763 702 823 locis
722 763 832 824 idoneis
853 764 993 824 instructa
1006 764 1092 824 unius
1113 764 1237 842 legionis

161 865 366 941 antesignanos
393 883 562 943 procurrere
589 871 676 940 atque
706 883 773 925 eum
801 867 945 926 tumulum
974 883 1115 942 occupare
1144 867 1236 929 iubet

162 966 229 1041 Qua
249 985 281 1026 re
303 967 419 1043 cognita
432 967 559 1028 celeriter
580 984 656 1043 quae
674 967 704 1026 in
726 967 849 1029 statione
869 971 922 1044 pro
946 968 1044 1028 cestris
1059 974 1141 1029 erant
1154 968 1236 1030 Afra
1259 977 1274 1028 s

160 1068 202 1128 nii
233 1068 364 1129 cohortes
392 1070 524 1129 breviore
552 1069 653 1130 itinere
681 1070 719 1128 ad
751 1070 874 1130 eundem
907 1071 1109 1145 occupandum
1141 1071 1237 1132 locum

161 1172 326 1234 mittentem.
357 1173 546 1234 Oontcnditur
566 1171 675 1249 proelio
691 1177 728 1248 et,
749 1172 829 1247 quod
849 1172 929 1248 prius
943 1173 973 1230 in
995 1175 1139 1233 mmulum
1154 1173 1237 1234 dira
1259 1182 1274 1231 5

160 1275 242 1333 niani
263 1281 412 1352 venerant,
433 1278 525 1336 nostri
546 1276 724 1353 repelluntur
738 1279 827 1350 atque
849 1275 912 1334 aliis
932 1276 1082 1336 submissis
1103 1275 1239 1337 subsidiis

163 1380 246 1452 terga
267 1383 378 1438 vertere
399 1396 489 1454 seque
510 1379 548 1438 ad
570 1379 656 1454 signa
676 1377 824 1455 legionum
846 1377 973 1455 recipere
994 1383 1146 1455 cogrmtur.

245 1475 306 1541 44.
330 1479 429 1542 Genus
451 1486 513 1542 erat
533 1499 652 1559 pugnae
664 1481 788 1540 militum
809 1479 932 1559 illorum,
954 1485 988 1540 ut
1001 1499 1108 1558 magno
1130 1481 1240 1558 impetu

160 1579 253 1656 primo
275 1588 484 1659 procurrerent,
505 1583 642 1643 audacter
662 1583 758 1642 locum
780 1586 924 1660 caperent,
954 1582 1069 1642 ordines
1090 1601 1158 1644 suos
1179 1601 1239 1643 non

161 1699 337 1760 magnopere
358 1690 520 1762 servarent,
547 1685 605 1744 rari
627 1684 807 1762 dispersique
827 1689 1006 1762 pugnarent,
1033 1685 1057 1744 si
1078 1702 1237 1762 premeren·
1259 1694 1274 1744 2

160 1787 216 1861 tur,
237 1785 341 1862 pedcm
363 1785 469 1846 referre
490 1792 519 1847 et
540 1788 603 1848 loco
618 1787 756 1848 excedere
770 1805 829 1846 non
844 1792 929 1864 turpe
943 1789 1149 1863 existimarent,
1171 1806 1236 1847 cum

161 1885 309 1947 Lusitanis
330 1888 506 1964 reliquisque
528 1888 658 1948 barbaris
685 1888 863 1948 continenter
890 1889 998 1949 bellum
1022 1894 1154 1964 gerentes
1175 1889 1238 1949 bar·

162 1989 233 2049 baro
255 2008 361 2066 genere
383 1991 510 2067 quodam
537 2009 657 2068 pugnae
677 1989 853 2068 adsuefacti3
877 1991 955 2066 quod
975 1989 1037 2049 fere
1059 1989 1111 2067 lit,
1133 1991 1275 2066 quibust

163 2091 287 2165 quisque
308 2093 339 2151 in
361 2093 432 2152 locis
446 2093 529 2152 miles
543 2092 756 2168 inveteraverit,
777 2096 811 2152 ut
824 2091 947 2151 multum
966 2108 1064 2151 earum
1086 2093 1239 2168 regionum

163 2192 369 2254 consuetudine
390 2198 550 2254 moveatur.
583 2194 664 2254 Haec
685 2198 747 2254 tum
770 2194 842 2254 ratio
865 2197 977 2253 nostros
998 2194 1179 2271 perturbavit
1199 2194 1239 2253 in·
1261 2204 1276 2253 4

162 2299 259 2355 suetos
272 2294 358 2356 huius
373 2297 486 2373 generis
499 2314 633 2375 pugnae3
657 2297 797 2358 circumiri
812 2296 887 2356 enim
904 2314 967 2356 sese
981 2297 1019 2356 ab
1034 2301 1135 2372 aperto
1150 2297 1240 2358 latere

163 2398 395 2472 procurrentibus
423 2399 543 2476 singulis
570 2400 800 2477 arbitrabantur3
830 2399 886 2476 ipsi
914 2405 1012 2460 autem
1035 2418 1103 2461 suos
1125 2400 1239 2460 ordines

162 2517 278 2560 servare
299 2519 395 2578 neque
416 2503 454 2562 ab
475 2502 566 2578 signis
588 2502 735 2563 discedere
755 2519 850 2578 neque
876 2502 939 2563 sins
960 2504 1042 2580 gravi
1064 2521 1151 2564 causa
1172 2520 1239 2564 eum

162 2602 267 2679 locum,
288 2620 376 2677 quem
399 2609 542 2680 ceperant,
564 2603 667 2662 dimitti
690 2608 860 2663 censuerant
881 2610 1022 2681 oportere.
1054 2606 1157 2680 Itaque
1177 2612 1277 2682 per-5

162 2703 287 2762 turbatis
309 2703 506 2779 antesignanis
526 2704 618 2780 legio,
639 2721 716 2778 quae
736 2703 766 2762 in
788 2721 823 2763 eo
838 2722 927 2764 cornu
950 2705 1123 2783 constiterat,
1145 2706 1240 2766 locum

162 2823 222 2864 non
243 2807 338 2865 tenuit
359 2809 447 2880 atque
467 2805 497 2864 in
518 2805 683 2882 proximum
706 2805 806 2865 collem
828 2823 891 2865 sese
912 2806 1027 2883 recepit.

247 2901 302 2970 45.
326 2906 431 2967 Caesar
457 2926 551 2986 paene
578 2907 657 2968 omni
684 2908 745 2968 arie
774 2907 939 2985 perterrita,
967 2909 1046 2984 quod
1074 2909 1105 2968 id
1126 2914 1240 2987 praeter

163 3009 331 3085 opinionem
346 3009 640 3085 consuetudinemque
654 3009 804 3086 acciderat,
825 3008 990 3070 cohortatus
1011 3028 1079 3070 suos
1093 3011 1239 3088 legionem

162 3126 269 3167 nonam
291 3108 421 3168 subsidio
447 3109 541 3186 ducit3
569 3109 680 3169 hostem
708 3110 864 3171 insolenter
891 3115 978 3185 atque
1004 3112 1106 3172 acriter
1126 3118 1239 3174 nostros

163 3210 362 3287 insequentem
376 3209 531 3288 supprimit
544 3228 700 3285 rursusque
714 3215 797 3286 terga
811 3216 922 3271 vertere
936 3229 1025 3286 seque
1039 3212 1076 3271 ad
1098 3215 1238 3292 oppidum

164 3313 287 3374 Ilerdam
302 3313 428 3389 recipere
443 3318 472 3373 et
485 3313 541 3373 sub
556 3330 639 3372 muro
655 3311 809 3372 consistere
824 3312 908 3389 cogit
938 3312 996 3372 Sed
1009 3331 1103 3375 nonae
1117 3316 1239 3392 legionis
1260 3322 1275 3373 2

163 3415 267 3477 milites
289 3417 357 3476 elati
378 3414 487 3494 studio,
509 3416 578 3476 dum
600 3415 704 3475 sarcire
726 3420 876 3492 acceptum
904 3415 1107 3477 detrimentum
1129 3418 1240 3489 volunt,

164 3522 271 3578 temere
285 3519 407 3578 insecuti
420 3518 536 3595 longius
550 3517 695 3595 fugientes
712 3520 853 3579 inlocum
868 3519 1000 3596 iniquum
1015 3520 1239 3597 progrediuntur

164 3625 193 3680 et
207 3621 262 3701 sub
277 3625 414 3697 montem,
435 3621 465 3680 in
481 3639 539 3697 quo
554 3626 616 3682 erat
630 3621 770 3698 oppidum
785 3622 911 3698 positum
927 3621 1055 3700 [Ilerda],
1072 3623 1239 3684 succedunt

164 3723 242 3783 Hinc
263 3740 295 3782 se
308 3722 435 3801 recipere
449 3741 514 3783 cum
529 3724 648 3801 vellent,
670 3741 768 3782 rursus
782 3722 822 3782 illi
837 3741 873 3784 ex
888 3724 951 3784 loco
965 3726 1112 3802 superiore
1126 3729 1239 3786 nostros
1260 3731 1276 3780 s

165 3826 343 3900 premebant
374 3823 574 3903 [Praeruptus]
590 3826 685 3886 Iaocm
700 3829 762 3886 erat
775 3831 901 3900 utraque
915 3844 950 3886 ex
965 3832 1047 3903 parte
1061 3828 1190 3888 derectus
1205 3845 1240 3888 ac
1260 3834 1276 3883 s

164 3930 277 3987 tantum
299 3927 329 3986 in
349 3927 531 3989 latitudinem
552 3928 686 4008 patebat,
707 3932 740 3988 ut
761 3931 819 3987 tres
839 3927 995 3988 insti-uotae
1016 3927 1145 3988 cohortes
1171 3946 1238 3988 eum
