2960 4500
619 281 670 337 111.
689 285 798 336 ra—ra.
1197 283 1236 363 uu

240 448 294 519 21.
317 455 389 516 Oum
410 457 565 516 resisteret
581 453 726 516 Servilius
746 457 848 516 consul
863 458 1029 531 reliquique
1043 459 1237 533 magistratus

155 559 185 615 et
205 557 301 616 minua
328 558 463 632 opinione
485 573 539 618 sua
561 559 704 634 afficeret,
728 559 766 618 ad
787 559 936 619 hominum
962 560 1116 619 excitanda
1138 548 1238 620 studia

155 659 272 718 sublata
298 661 398 733 priore
424 659 594 734 lege-duas
625 661 846 734 promulgavit:
873 677 976 736 unam,
1005 677 1063 734 qua
1090 663 1238 722 mercedes

154 760 371 820 habitationum
399 777 513 820 annuas
538 761 764 821 conductoribus
790 763 926 838 donavit,
957 763 1046 821 aliam
1067 764 1238 823 tabularum

155 881 312 940 novarum3
335 865 504 940 impetuque
518 865 719 923 multitudinis
738 865 770 924 in
784 863 814 924 (l.
830 864 1010 924 Trebonium
1032 866 1158 924 factost
1180 883 1238 924 non
1259 875 1274 926 2

157 967 248 1026 nullis
262 967 430 1027 vulneratis
452 982 517 1025 eum
539 966 575 1025 de
597 967 740 1026 tribunali
754 966 935 1027 deturbavit.
968 965 1013 1026 De
1028 967 1134 1040 quibus
1149 969 1238 1026 rebus

158 1069 304 1130 Servilius
332 1070 433 1129 consul
456 1069 494 1128 ad
522 1074 657 1129 senatum
685 1069 815 1145 retulit,
842 1075 1019 1144 senatusque
1046 1068 1178 1130 (laelium
1200 1073 1237 1130 ab

155 1189 188 1231 re
211 1172 331 1246 publica
344 1172 552 1232 removendum
568 1173 690 1231 censuit
720 1171 785 1230 Hoc
806 1170 922 1231 decreto
937 1187 1004 1230 eum
1018 1173 1120 1232 consul
1135 1176 1238 1232 senatu
1259 1181 1275 1230 3

156 1273 308 1348 prohibuit
344 1279 375 1332 et
412 1273 578 1332 contionari
610 1279 764 1332 conantem
798 1272 834 1332 de
866 1275 973 1332 rostris
1008 1273 1139 1334 deduxit.
1183 1273 1239 1333 Ille
1261 1281 1276 1333 4

157 1375 320 1448 ignominia
342 1380 373 1434 et
395 1375 495 1434 dolore
517 1380 668 1450 permotus
689 1375 789 1450 palam
810 1389 842 1434 se
862 1375 1011 1449 proficisci
1031 1375 1070 1434 ad
1083 1374 1239 1436 caesarem

155 1479 323 1553 simulavit;
346 1479 422 1538 clam
436 1478 550 1537 nuntiis
566 1477 604 1536 ad
618 1477 756 1537 monem
771 1477 876 1552 missis,
900 1477 950 1550 qui
964 1476 1066 1538 Clodio
1080 1479 1238 1538 interiecto

155 1596 188 1639 eo
210 1581 326 1640 nomine
348 1586 415 1641 erat
436 1581 608 1655 damnatus,
638 1585 727 1654 atque
749 1596 782 1638 eo
805 1580 837 1638 in
858 1577 979 1639 Italiam
1001 1586 1139 1656 evocato,
1162 1580 1239 1654 quod

154 1683 271 1756 magnis
285 1684 455 1742 muneribus
478 1683 554 1743 datis
578 1681 776 1756 gladiatoriae
790 1681 922 1741 familiae
937 1682 1080 1755 reliquias
1102 1683 1238 1757 habebat,

154 1784 212 1843 sibi
234 1785 387 1844 coniunxit
408 1801 474 1844 eum
496 1791 586 1858 atque
605 1785 637 1843 in
651 1784 818 1844 Thurinum
833 1783 871 1844 ad
886 1783 1088 1844 sollicitandos
1101 1790 1239 1859 pastores

153 1886 316 1960 praemisit.
349 1886 418 1960 Ipse
440 1901 506 1945 eum
521 1885 685 1945 Casilinum
707 1885 839 1945 venisset
860 1901 976 1959 unoque
998 1891 1130 1960 tempore
1152 1887 1277 1960 signat

155 1988 218 2046 eius
240 1988 385 2048 militaria
404 1995 494 2062 atque
518 2003 601 2048 arma
616 1987 734 2063 Capuae
756 1995 857 2047 essent
875 2003 1048 2062 comprensa
1070 1995 1101 2046 et
1123 1989 1238 2046 familia

154 2083 282 2163 Neapoli
311 2091 390 2166 visa,
420 2106 495 2164 quae
522 2089 718 2164 proditionem
744 2089 845 2164 oppidi
874 2094 1047 2164 appararet,
1077 2089 1237 2164 patefactis

153 2191 285 2251 consiliis
306 2193 443 2252 exclusus
465 2191 567 2268 Capua
588 2198 620 2251 et
639 2191 804 2266 periculum
825 2191 948 2266 veritus
975 2191 1052 2264 quod
1074 2197 1236 2251 conventus

153 2310 238 2353 arma
269 2301 391 2370 ceperat
418 2300 506 2369 atque
535 2310 601 2354 eum
628 2294 722 2354 hostis
750 2294 814 2353 loco
842 2293 1008 2353 habendum
1037 2291 1236 2369 existimabat,

154 2397 276 2456 consilio
298 2397 414 2458 destitit
435 2405 525 2472 atque
547 2399 584 2456 ab
607 2414 641 2456 eo
662 2397 771 2456 itinere
793 2413 858 2456 sese
879 2397 998 2456 avertit

238 2491 294 2561 22.
328 2499 453 2560 Interim
481 2500 553 2559 Milo
582 2499 712 2558 dimissis
738 2500 847 2558 circum
876 2497 1037 2573 municipia
1064 2497 1177 2557 litteris
1204 2513 1236 2556 se

154 2616 203 2674 ea,
233 2615 308 2673 quae
334 2602 461 2676 iaceret,
484 2603 566 2660 iussu
593 2607 683 2674 atque
712 2601 835 2674 imperio
867 2601 967 2660 faeere
995 2599 1131 2674 Pompei,
1161 2614 1236 2673 quae

153 2699 292 2761 mandata
307 2702 345 2761 ad
366 2717 398 2762 sa
419 2719 474 2776 per
488 2701 651 2761 Vibullium
674 2700 773 2762 delata
787 2705 891 2777 essent,
915 2717 987 2774 qnos
1003 2716 1039 2759 ex
1054 2714 1123 2760 aere
1139 2700 1235 2760 alieno

152 2804 290 2863 laborare
317 2805 524 2864 arbitrabatur
551 2804 738 2864 sollieitabat.
786 2803 873 2878 Apud
903 2818 974 2878 quos
1001 2816 1067 2862 cum
1093 2783 1271 2877 proliceret

153 2905 229 2964 nihil
242 2910 347 2983 posset,
364 2905 537 2980 quibusdam
552 2907 656 2965 solutis
671 2905 833 2980 ergastulis
848 2905 952 2966 cosam
967 2906 999 2964 in
1014 2921 1088 2980 agro
1100 2905 1234 2965 Thurino

153 3024 325 3082 oppugnare
339 3009 443 3084 coepit.
473 3009 517 3068 Eo
532 3025 598 3068 cum
613 3026 633 3068 a
647 3009 680 3080 Q„
695 3008 787 3068 Pedio
808 3014 945 3084 praetore
960 3025 1025 3068 cum
1039 3009 1156 3083 legione
1172 3055 1179 3068 .
1194 3055 1201 3067 .
1217 3053 1232 3084 .,

153 3107 253 3182 lepide
267 3109 342 3169 ictus
357 3125 394 3168 ex
408 3125 492 3168 muro
507 3109 605 3184 periit
634 3107 699 3186 [Et]
715 3109 832 3169 (laelius
846 3111 1002 3185 proiectus
1017 3115 1053 3168 ut
1068 3109 1233 3186 dictitabat,
1255 3121 1270 3170 3

154 3208 192 3269 ad
207 3209 362 3271 Gaesarem
376 3213 515 3287 pervenit
529 3209 666 3271 Rumor.
697 3211 756 3272 Ubi
771 3227 837 3270 eum
851 3211 991 3285 quosdam
1006 3213 1069 3270 eius
1080 3212 1232 3286 municipii

154 3311 328 3373 sollicitaret
349 3313 556 3387 equitibusque
578 3311 715 3373 (laeseris
730 3312 826 3373 Gallis
849 3320 938 3387 atque
953 3311 1103 3387 Hispanis,
1127 3312 1177 3385 qui
1199 3328 1232 3370 eo

153 3414 294 3487 praesidii
315 3431 405 3475 causa
426 3416 508 3474 missi
529 3420 631 3491 erant,
652 3416 806 3491 pecuniam
832 3415 1036 3490 polliceretur,
1059 3415 1096 3473 ab
1119 3413 1165 3473 his
1188 3419 1234 3474 est

152 3515 334 3576 interfectus
365 3518 415 3577 Ita
436 3532 610 3592 magnarum
631 3518 720 3578 initia
741 3533 848 3592 rerum,
871 3533 947 3591 quae
961 3517 1151 3590 occupatione
1172 3533 1233 3575 ma·
1256 3525 1272 3577 ι

152 3617 334 3690 gistratuum
361 3620 562 3694 legitimorum
589 3621 744 3680 sollicitam
770 3619 887 3680 Italiam
915 3620 1079 3694 habebant,
1108 3620 1233 3679 celerem

153 3724 184 3778 et
205 3720 323 3780 facilem
345 3722 457 3781 exitum
478 3721 655 3782 habuerunt

236 3815 294 3885 23.
318 3823 393 3884 Libo
422 3825 572 3899 proiectus
600 3827 637 3883 ah
665 3823 752 3884 Orico
780 3823 979 3897 cumulasse,
1010 3823 1057 3882 oui
1082 3828 1231 3899 praeerat,

152 3925 273 3984 narium
293 3943 312 3985 n
333 3926 525 3986 Brundisium
551 3927 635 3986 venit
662 3926 858 4001 insulamque,
886 3940 961 3998 quae
989 3929 1093 3984 contra
1113 3929 1232 4000 portum
