2960 4500
623 301 660 356 ΙΙ.
678 305 789 356 20-24.
1206 301 1245 358 bl

162 477 196 537 L.
218 477 367 536 Domitius
389 477 509 552 cognita
530 477 759 536 Massiliensium
780 478 934 537 voluntate
962 478 1089 537 navibus
1113 493 1152 534 m
1173 493 1249 535 com·

162 580 285 654 paratis,
305 596 342 638 ex
364 580 470 653 quibus
492 580 565 639 duas
580 579 778 638 familiaribus
794 581 856 638 suis
871 580 1059 654 attribuerat,
1081 595 1171 638 unam
1185 580 1249 653 ipse

162 681 379 757 conscenderat,
403 688 508 741 nactus
526 682 677 742 turbidam
693 687 900 756 tempestatem
913 683 1065 756 proiectus
1081 685 1131 740 est
1161 681 1250 740 Hunc
1269 693 1285 742 3

162 785 346 857 conspicatae
369 801 467 860 naves,
491 799 566 858 quae
588 785 670 843 iussu
691 785 782 844 Bruti
803 783 1013 844 consuetudine
1036 783 1186 843 cotidiana
1209 783 1247 842 ad

162 891 280 959 portum
301 888 500 962 excubabant,
529 887 654 946 sublatis
676 888 792 946 ancoris
814 887 897 961 sequi
920 891 1085 961 coeperunt.
1129 885 1178 944 Ex
1198 887 1246 944 his
1269 898 1284 947 4

162 1004 252 1046 unum
279 988 374 1062 ipsius
403 989 556 1062 navigium
584 989 735 1048 contendit
757 994 787 1049 et
807 991 913 1064 lugere
934 989 1141 1064 perseveravit
1163 990 1246 1047 auxi·

162 1090 261 1163 lioque
283 1092 470 1165 tempestatis
492 1108 529 1150 ex
551 1096 706 1166 conspeetu
729 1093 815 1168 abiit,
842 1092 899 1151 duo
921 1093 1083 1166 perterrita
1104 1107 1246 1150 concursu

162 1196 329 1251 nostrarum
363 1195 484 1254 navium
517 1211 580 1254 sese
613 1195 644 1253 iu
676 1202 796 1268 portum
822 1198 1004 1270 receperunt.
1048 1194 1284 1256 Massiliensese

163 1310 247 1353 arma
260 1299 465 1369 tormentaque
481 1313 518 1355 ex
532 1298 647 1373 oppido,
670 1302 703 1357 ut
718 1302 762 1356 est
776 1298 958 1372 imperatum,
977 1297 1139 1372 proterunt,
1155 1310 1246 1354 naves

164 1412 200 1454 ex
222 1403 311 1470 portu
333 1399 548 1472 navalibusque
571 1399 712 1475 educunt,
741 1400 895 1474 pecuniam
917 1416 954 1458 ex
974 1400 1092 1473 publico
1114 1398 1246 1456 tradunt.

162 1497 274 1569 Quibus
296 1501 385 1558 rebus
407 1502 548 1561 coniectis
564 1500 674 1561 Caesar
695 1503 791 1576 magis
813 1519 862 1562 eos
883 1519 937 1577 pro
965 1502 1082 1560 nomine
1108 1505 1138 1560 et
1162 1506 1283 1562 veta-e

164 1604 241 1660 state
264 1619 350 1675 quam
374 1620 428 1676 pro
451 1605 565 1664 meritis
592 1606 624 1663 ln
647 1622 678 1664 se
700 1605 833 1665 civitatis
855 1621 1033 1665 conservans
1054 1604 1127 1662 duas
1148 1603 1190 1661 ibi
1204 1604 1246 1661 le-

162 1703 265 1775 giones
294 1705 442 1779 praesidio
465 1708 620 1783 relinquit,
653 1712 766 1767 ceteras
787 1709 820 1766 iu
841 1691 962 1767 Italiam
983 1707 1092 1779 mittit;
1122 1707 1186 1779 ipse
1209 1704 1246 1762 ad

164 1805 265 1862 urbem
286 1806 491 1878 proficiscitur.

245 1899 298 1968 23.
328 1907 426 1967 Isdem
448 1911 632 1984 temporibus
660 1910 691 1970 C.
715 1911 803 1971 Curio
825 1914 857 1971 in
878 1912 1013 1971 Africam
1034 1910 1186 1985 proiectus
1209 1926 1246 1967 ex

161 2007 265 2068 Sicilia
286 2016 317 2069 et
337 2012 397 2071 iam
419 2012 455 2070 ab
478 2012 564 2071 initio
587 2014 686 2086 copias
700 2015 735 2073 P.
750 2013 827 2074 Attii
841 2014 917 2073 Vari
936 2013 1100 2087 despiciens
1115 2012 1189 2069 duas
1204 2012 1245 2068 le·

163 2111 265 2184 giones
280 2129 318 2170 ex
331 2130 389 2188 1111,
413 2129 485 2186 quas
501 2131 519 2172 a
534 2113 660 2174 Caesare
683 2119 843 2190 acceperat,
858 2133 879 2173 o
895 2115 1007 2188 equites
1021 2115 1247 2187 transportabat

162 2213 308 2287 biduoque
332 2218 361 2274 et
383 2215 515 2274 noctibus
538 2217 635 2274 tribus
657 2218 850 2291 navigatione
872 2218 1048 2291 consumptis
1070 2216 1193 2290 adpellit
1208 2216 1246 2275 ad

162 2331 227 2373 eum
241 2317 345 2392 locum,
361 2318 412 2390 qui
428 2320 599 2392 appellatur
609 2320 807 2393 Anquillaria.
837 2319 895 2379 Hie
909 2321 990 2379 loeus
1005 2320 1087 2378 abest
1098 2336 1116 2378 a
1128 2317 1247 2392 Clupeis
1267 2328 1281 2376 2

161 2434 299 2491 passuum
319 2437 389 2478 xxm
403 2420 486 2479 milia
499 2421 647 2495 habetque
666 2440 725 2481 non
740 2422 949 2481 incommodam
964 2425 1074 2481 aestate
1089 2422 1245 2480 stationem

161 2524 192 2577 et
205 2519 318 2579 duobus
333 2523 529 2582 eminentibus
544 2525 757 2598 promunturiis
772 2525 944 2584 continetur.
974 2524 1071 2583 Huius
1086 2523 1246 2582 adveutum
1266 2532 1281 2580 3

160 2620 194 2679 L.
217 2620 327 2680 Caesar
347 2623 427 2681 filius
449 2640 514 2682 cum
536 2643 558 2682 x
579 2626 678 2698 longis
700 2627 827 2686 navibus
842 2624 880 2684 ad
894 2624 1035 2700 Clupeam
1048 2624 1242 2699 praestolans,

160 2739 233 2796 quas
265 2740 357 2782 naves
378 2725 482 2784 Uticae
515 2742 551 2784 ex
584 2726 766 2800 praedonum
798 2729 877 2787 bello
905 2727 1065 2786 subductas
1086 2727 1121 2785 P.
1143 2725 1244 2784 Attius

159 2823 332 2883 reficiendas
353 2825 442 2885 huius
465 2827 536 2885 belli
559 2843 648 2886 causa
670 2833 843 2904 curaverat,
868 2829 980 2888 veritus
1002 2828 1123 2888 navium
1144 2827 1243 2885 multi·

159 2925 289 2984 tudinem
313 2944 350 2986 ex
364 2929 424 2987 alto
439 2930 594 3002 refugerat
608 2930 790 3004 adpulsaque
805 2931 844 2990 ad
857 2932 1022 3005 proximum
1037 2931 1108 2990 litus
1123 2932 1243 2990 trireme

159 3033 311 3086 constrata
333 3033 368 3092 et¹
382 3031 415 3088 iu
436 3031 525 3090 litore
547 3033 652 3091 relicta
672 3033 796 3106 pedibus
817 3032 1031 3092 Hadrumetum
1056 3034 1250 3107 profugerat..

158 3128 193 3186 Id
216 3130 353 3203 oppidum
375 3129 405 3190 C.
429 3130 582 3191 Considius
603 3134 725 3207 Longus
746 3135 835 3192 unius
860 3135 987 3208 legionis
1008 3136 1156 3209 praesidio
1179 3141 1242 3194 tue·
1264 3146 1279 3194 4

158 3230 253 3291 batur.
282 3232 427 3306 Reliquae
450 3232 586 3293 Caesaris
608 3252 700 3295 naves
722 3236 785 3294 eius
807 3236 881 3310 iuga
906 3252 937 3294 se
958 3235 1173 3297 Hadrumetum
1195 3255 1241 3295 re-

158 3340 307 3407 ceperunt.
351 3335 439 3394 Hune
465 3342 583 3395 secutus
605 3337 735 3396 Marcius
756 3338 853 3397 Rufus
883 3341 1020 3411 quaestor
1041 3339 1167 3397 navibus
1189 3357 1236 3396 x11
1264 3351 1279 3398 t

159 3451 231 3508 quas
263 3437 410 3510 praesidio
443 3440 589 3498 onerariis
621 3441 748 3499 navibus
773 3439 862 3500 Curio
895 3457 931 3498 ex
954 3439 1057 3499 Sicilia
1090 3440 1240 3516 eduxerat,

156 3541 309 3610 postquam
341 3539 374 3597 in
405 3541 494 3599 litore
522 3542 656 3601 relictam
684 3559 789 3601 navem
816 3542 981 3616 conspexit,
1015 3542 1091 3600 hanc
1112 3543 1242 3601 remulco

158 3639 321 3715 abstraxit3
344 3641 408 3715 ipse
431 3642 468 3700 ad
491 3641 521 3702 C.
544 3642 701 3703 Curionem
723 3661 788 3702 eum
810 3645 904 3702 classe
925 3644 1010 3704 redit.

241 3734 300 3803 24.
325 3741 415 3802 Curio
430 3744 574 3803 Marcium
588 3746 706 3805 Uticam
726 3746 853 3804 navibus
866 3746 1044 3820 praemittit3
1062 3747 1126 3820 ipse
1140 3748 1240 3808 eodem

156 3858 222 3901 cum
250 3846 382 3904 exercitu
404 3846 602 3919 proficiscitur
629 3846 770 3919 biduique
795 3847 855 3905 iter
875 3863 1051 3921 progressus
1073 3849 1111 3906 ad
1132 3848 1246 3908 flumen·

155 3943 325 4017 Bagradam
346 3949 492 4021 pervenit.
523 3948 570 4009 Ibi
589 3947 620 4008 C.
636 3947 792 4007 Caninium
806 3948 944 4008 Rebilum
966 3948 1098 4022 legatum
1120 3966 1185 4008 cum
1199 3950 1240 4008 le·
1262 3958 1281 4007 2-

1048 4044 1088 4096 4⁸
