2964 4506
595 239 645 293 III.
665 243 808 294 tol-103.
1189 241 1250 298 111

175 416 270 492 eitum,
284 416 329 474 uti
340 432 439 474 omnes
450 415 511 474 eius
524 415 692 491 provinciae
702 414 836 487 iuniores,
852 413 956 474 Graeci
972 417 1107 491 civesque
1118 416 1249 492 Romani,

175 517 288 581 iurandi
299 535 386 576 causa
397 516 590 576 convenirent.
613 517 669 577 Sed
681 522 780 576 utrum
794 517 966 576 avertendae
981 517 1151 592 suspicionis
1163 536 1250 577 eausa
1271 527 1286 575 3

159 621 331 696 -Pompeius
362 618 572 696 proposuisset,
608 625 641 679 ut
677 636 764 694 quam
798 618 957 678 diutissime
989 619 1129 694 longioris
1161 618 1251 696 fugae

130 708 133 711 ¹
177 722 326 782 consilium
348 721 518 796 occultaret,
540 738 578 779 an
599 725 633 780 ut
653 720 736 779 novis
758 719 921 801 dilectibus,
943 719 967 778 si
989 738 1074 780 nemo
1101 726 1251 797 premeret,

121 891 124 896 ,
176 823 373 883 Macedoniam
395 828 493 882 tenere
515 827 678 898 moeretur,
701 821 857 882 existimari
878 840 937 881 non
959 827 1081 899 poterat.
1127 824 1193 899 Ipse
1215 823 1253 882 ad
1274 832 1289 881 4

176 943 313 985 ancoram¹
344 942 431 984 unam
465 929 578 984 noctem
612 923 739 984 constitit
771 928 800 983 et
821 922 929 984 vocatis
962 924 999 983 ad
1027 942 1058 984 se
1085 925 1253 1002 Amphipoli

177 1027 337 1104 hospitibus
359 1032 388 1086 et
409 1026 532 1101 pecunia
553 1026 590 1084 ad
612 1025 786 1085 necessarios
800 1031 933 1101 sumptus
951 1032 1116 1102 conrogata,
1138 1027 1253 1103 cognito

164 1129 308 1190 ,Caesaris
329 1129 456 1188 adventu
478 1146 514 1188 ex
529 1146 563 1188 eo
585 1129 648 1188 loco
671 1127 799 1187 discesdt
813 1132 842 1186 et
856 1127 1009 1203 Mytilenas
1030 1128 1131 1202 paucis
1153 1128 1254 1189 diebus

178 1232 265 1292 venit.
278 1231 406 1290 Biduum
418 1235 588 1306 tempestate
594 1235 722 1290 retentus
728 1222 932 1311 navibus[que]
940 1229 1002 1288 aliis
1010 1229 1112 1290 additis
1120 1231 1255 1290 actuadis
1276 1239 1291 1288 5

177 1334 207 1392 in
224 1333 350 1393 Ciliciam
373 1336 461 1407 atque
474 1331 541 1391 inde
554 1331 686 1408 prrum
707 1331 848 1408 pervenit.
881 1331 926 1390 Ibi
950 1320 1098 1407 cognoscit
1112 1351 1253 1393 consensu
1275 1341 1291 1390 c

177 1435 308 1493 omnium
329 1431 565 1493 Antiochensium
588 1433 752 1508 civiumque
779 1433 989 1508 Romanorum,
1015 1433 1066 1509 qui
1086 1433 1142 1494 illic
1163 1452 1250 1510 nego·

174 1537 330 1612 tierenhrr,
363 1554 443 1594 arma
477 1540 561 1612 capta
588 1553 650 1595 esse
677 1534 851 1595 excludendi
881 1535 926 1594 sui
956 1553 1044 1594 causa
1075 1536 1248 1612 nuntiosque

180 1639 310 1698 dimissos
332 1638 368 1697 ad
390 1656 454 1717 eos,
477 1638 580 1713 quise
602 1655 639 1698 ex
660 1636 733 1714 iuga
753 1637 784 1696 in
805 1636 943 1698 finitimas
962 1637 1090 1698 civitates
1112 1639 1252 1715 recepisse
1282 1685 1284 1693 r

180 1741 349 1817 dicerentur,
371 1758 408 1800 ne
422 1739 602 1800 Antiochiam
618 1739 741 1799 adirent:
764 1738 838 1797 idei
861 1737 1002 1816 iecissent,
1025 1757 1132 1815 magno
1155 1755 1254 1802 eorum

179 1843 279 1920 capitis
300 1842 426 1919 periculo
447 1840 587 1901 futurum.
630 1841 709 1901 ldem
736 1841 791 1901 hoc
811 1840 845 1899 L.
866 1841 1006 1916 Lentulo,
1035 1842 1087 1917 qui
1107 1839 1254 1918 superiore
1275 1852 1290 1900 7

180 1963 255 2004 anno
277 1945 377 2005 consul
399 1942 508 2020 fuerat,
531 1948 560 2003 et
580 1944 612 2002 P.
636 1943 759 2004 Lentulo
781 1942 924 2003 consulari
945 1961 980 2002 ac
1000 1961 1060 2003 non
1081 1943 1166 2003 nullis
1188 1943 1250 2004 aliis

180 2047 321 2107 acciderat
336 2045 443 2123 Rhodi3
465 2045 515 2121 qui
538 2063 603 2104 cum
625 2062 661 2104 ex
682 2043 756 2121 fuga
770 2045 941 2120 Pompeium
963 2049 1152 2120 sequerentur
1167 2051 1255 2121 atque

179 2149 209 2208 in
223 2149 347 2208 insulam
362 2149 516 2224 venissent,
539 2147 645 2224 oppido
661 2165 695 2207 ac
713 2152 798 2222 portu
813 2147 919 2224 recepti
933 2165 992 2206 uon
1007 2152 1089 2207 eraut
1103 2147 1253 2224 missisque

181 2250 217 2309 ad
232 2269 281 2310 eos
295 2250 413 2328 nuntiis,
435 2268 471 2310 ex
492 2249 536 2308 his
551 2249 619 2309 loeis
641 2249 828 2324 discederent,
850 2254 950 2309 eontra
971 2250 1149 2310 voluntatem
1171 2268 1254 2310 suam

180 2367 269 2412 naves
290 2354 445 2413 solverant.
481 2351 602 2427 Iamque
623 2351 660 2410 de
675 2351 804 2412 Caesaris
825 2351 953 2412 adventu
974 2351 1054 2412 fama
1069 2352 1106 2412 ad
1128 2353 1255 2413 avietae
1277 2360 1291 2410 8

178 2453 385 2531 perferebatur.

265 2549 337 2618 103.
359 2554 472 2628 Quibus
500 2554 620 2630 cognitis
646 2554 732 2614 rebus
755 2554 909 2630 Pompeius
938 2554 1070 2631 deposito
1099 2553 1250 2614 adeundae

179 2659 282 2735 Syriae
310 2657 427 2717 consilio
449 2655 572 2732 pecunia
599 2674 618 2714 a
638 2655 822 2716 societatibus
843 2656 958 2716 sublata
979 2662 1008 2716 et
1034 2674 1052 2716 a
1078 2655 1251 2732 quibusdam

177 2760 295 2837 privatis
316 2763 433 2835 sumpta
454 2764 483 2819 et
504 2758 576 2818 aeris
597 2777 704 2835 magno
731 2757 859 2835 pondere
881 2758 917 2817 ad
940 2758 1092 2819 militarem
1113 2776 1197 2818 usum
1221 2761 1252 2818 iu

177 2881 266 2923 naves
279 2863 414 2937 imposito
429 2862 602 2935 duobusque
615 2860 730 2920 milibus
744 2861 895 2922 homiuum
910 2862 1036 2939 mmatis,
1058 2879 1131 2937 quos
1144 2863 1250 2937 partim

178 2983 214 3024 ex
228 2963 346 3023 familiis
360 2964 528 3023 societatum
543 2962 696 3039 delegerat,
715 2963 820 3038 partim
835 2981 853 3022 a
866 2963 1094 3039 negotiatoribus
1109 2969 1250 3040 coegerat,

178 3083 251 3142 quos
272 3083 309 3124 ex
322 3064 382 3124 suis
395 3063 518 3139 quisque
532 3063 570 3122 ad
583 3063 658 3123 hanc
675 3081 736 3122 rem
756 3064 876 3124 idoneos
897 3065 1081 3140 existimarat,
1103 3065 1250 3125 Pelusium

177 3167 315 3242 pervenit.
359 3166 405 3225 Ibi
436 3183 504 3225 casu
532 3182 584 3224 rex
606 3168 667 3225 erat
688 3164 886 3242 Ptolomaeus,
915 3183 988 3242 puer
1009 3170 1117 3242 aetate,
1138 3167 1286 3242 maguiet

178 3269 266 3345 copiis
288 3287 352 3329 eum
375 3285 473 3328 sorore
495 3267 648 3343 Cleopatra
668 3265 777 3326 bellum
803 3285 919 3344 gerens,
948 3285 1036 3342 quam
1061 3267 1161 3344 paucis
1183 3273 1250 3328 aute

177 3371 324 3430 mensibus
350 3388 403 3447 per
428 3387 496 3429 suos
523 3368 701 3446 propinquos
722 3374 810 3444 atque
835 3369 942 3430 amieos
970 3387 1060 3445 regno
1083 3370 1247 3446 expulerat,

178 3478 328 3548 castraque
343 3472 511 3549 Cleopatrae
532 3490 591 3531 non
614 3471 701 3547 longo
724 3471 816 3548 spatio
839 3473 876 3531 ab
899 3473 959 3532 eius
975 3471 1073 3532 eastris
1095 3471 1248 3532 distabant.

176 3574 222 3633 Ad
244 3592 310 3634 eum
332 3573 488 3648 Pompeius
510 3573 601 3649 misit,
623 3578 656 3632 ut
677 3591 730 3650 pro
752 3573 876 3650 hospitio
900 3579 987 3650 atque
1012 3573 1139 3633 amicitia
1160 3575 1249 3650 patris
1270 3582 1285 3631 3

175 3676 380 3736 Alexandriam
391 3675 564 3750 reciperetur
574 3679 662 3749 atque
672 3675 749 3734 illius
764 3675 867 3750 opibus
878 3677 908 3735 in
920 3676 1080 3736 adamate
1094 3679 1247 3752 tegeretur.

176 3777 234 3837 Sed
262 3778 313 3854 qui
334 3778 371 3838 ab
400 3795 435 3837 eo
463 3776 541 3836 missi
572 3781 653 3836 eraut
681 3775 811 3837 confecto
839 3778 990 3854 legationis
1012 3775 1109 3838 officio
1130 3777 1283 3838 liberiust

175 3897 240 3940 cum
262 3881 400 3941 militibus
421 3878 496 3955 regis
518 3878 652 3952 conloqui
667 3887 823 3953 coeperunt
842 3897 949 3955 eosque
970 3880 1085 3957 hortari,
1106 3885 1140 3939 ut
1160 3898 1245 3940 suum
