2964 4506
627 277 663 332 11.
682 282 775 332 9-13.
1195 277 1236 335 45

161 453 372 516 machinatione
385 454 490 526 navali,
512 451 665 529 phalangis
686 452 828 528 subiectis,
850 452 888 512 ad
911 456 1018 512 turrem
1041 451 1164 512 hostium
1189 453 1236 512 ad-

160 561 286 634 movent,
308 561 341 616 ut
363 555 493 616 aedificio
514 556 659 632 iungatur.

247 651 298 722 ll.
321 656 387 731 Quo
402 659 478 717 malo
493 656 633 733 perterriti
652 655 747 715 subito
763 655 900 733 oppidani
914 673 985 714 saxa
1007 673 1094 730 quam
1110 655 1237 714 maxima

161 764 284 838 possunt
298 759 427 819 vestibus
441 763 613 836 promovent
627 757 871 834 praecipitataque
886 757 922 816 de
933 775 1015 817 muro
1031 757 1060 816 iu
1076 759 1237 818 museulum

161 862 329 922 devolvunt.
374 862 467 920 Istum
489 859 610 920 firmitas
631 858 768 919 materiae
789 859 910 919 sustinet
932 864 960 919 et
983 859 1119 934 quiequid
1140 859 1238 920 inuidit

161 963 277 1040 fastigio
293 964 414 1023 museuli
428 963 577 1023 delabitur.
604 962 638 1021 Id
652 962 702 1022 ubi
717 962 825 1039 vident,
840 966 954 1021 mutant
968 962 1130 1022 eonsilium:
1148 979 1237 1038 supas
1259 971 1273 1019 2

161 1065 247 1126 taeda
269 1063 527 1142 aopioe1·eiertas
549 1063 705 1125 iuoenduut
727 1081 834 1140 easque
862 1063 898 1124 de
920 1082 1002 1123 muro
1024 1063 1053 1122 in
1076 1065 1238 1125 musoulum

162 1168 329 1228 devolvunt.
374 1168 525 1228 Involutae
546 1168 698 1243 labuntur,
720 1167 856 1243 delapsae
878 1166 915 1225 ab
942 1165 1079 1226 lateribus
1101 1166 1239 1242 longuriis

163 1271 309 1346 lureisque
337 1271 374 1330 ab
404 1288 490 1346 opere
518 1275 711 1330 removentur.
756 1269 873 1328 Interim
901 1268 957 1328 sub
986 1271 1115 1328 musoulo
1138 1268 1276 1328 milites3

163 1373 293 1433 vestibus
307 1369 409 1430 infima
429 1389 501 1430 saxa
515 1372 600 1430 turris
622 1371 757 1445 hostium,
780 1370 885 1444 quibus
906 1368 1097 1429 fundamenta
1115 1370 1241 1430 eontine·

164 1473 285 1549 bantur,
308 1473 483 1533 convellunt.
525 1472 672 1532 Museulus
702 1491 739 1532 ex
768 1472 838 1531 turri
865 1471 991 1531 laterieia
1012 1489 1030 1530 a
1052 1471 1156 1532 nostris
1178 1471 1241 1532 telis

163 1575 370 1652 tormentisque
391 1574 568 1653 deienditnr3
591 1575 687 1635 hostes
709 1593 746 1634 ex
768 1593 851 1634 muro
866 1592 900 1634 ao
921 1574 1048 1634 turribus
1068 1574 1241 1635 submoven-

165 1683 229 1740 tur:
259 1697 324 1748 non,
349 1678 433 1738 datur
453 1679 544 1738 libera
565 1677 639 1738 muri
665 1676 840 1738 defendendi
865 1676 996 1737 laoultas.
1040 1676 1279 1753 Compluribust

164 1780 224 1840 iam
245 1781 389 1857 lapidibus
419 1799 455 1840 ex
477 1781 538 1856 illa,
563 1799 639 1856 quae
660 1781 792 1856 suberat,
819 1779 890 1839 tuni
917 1778 1065 1838 subductis
1094 1779 1244 1854 repentina

165 1881 249 1942 ruina
270 1899 337 1958 pars
360 1881 421 1940 eius
442 1867 527 1939 turris
549 1880 679 1953 oonoidit,
702 1899 770 1955 pars
784 1880 895 1955 reliqua
913 1897 1090 1955 consequens
1112 1900 1243 1956 proeum·

165 1983 270 2059 bebat,
292 2001 358 2043 oum
382 1982 478 2042 hostes
492 1982 571 2042 urbis
586 1982 745 2059 direptione
766 1981 907 2059 perterriti
921 1981 1043 2041 inermes
1059 2000 1124 2042 oum
1145 1981 1243 2042 infulis

164 2104 197 2146 se
217 2089 302 2162 porta
323 2083 401 2144 foras
425 2083 551 2144 universi
573 2084 748 2161 proripiunt,
776 2083 813 2142 ad
838 2084 949 2159 legatos
976 2088 1063 2159 atque
1086 2084 1241 2144 exereitum

165 2186 309 2265 supplioes
323 2204 426 2245 manus
448 2186 579 2246 tendunt.

252 2282 304 2350 12.
327 2287 393 2362 Qua
414 2307 492 2350 nova
513 2307 544 2349 re
566 2289 664 2350 oblata
686 2288 778 2349 omnis
800 2288 1007 2348 administratio
1030 2288 1097 2348 belli
1119 2287 1247 2349 oonsistit

171 2390 332 2467 militesque
353 2391 445 2450 aversi
467 2409 485 2450 a
505 2391 614 2468 proelio
637 2391 674 2451 ad
695 2390 821 2452 studium
844 2390 980 2451 audiendi
1003 2395 1032 2450 et
1054 2389 1245 2466 eognosoendi

168 2490 310 2553 feruntur.
336 2492 394 2552 Ubi
415 2493 511 2553 hostes
533 2494 571 2552 ad
592 2496 703 2570 legatos
724 2493 938 2569 exercitumque
959 2497 1160 2568 pervenerunt,
1182 2491 1243 2551 uni·
1265 2500 1279 2549 2

167 2593 241 2654 versi
263 2592 346 2652 seed
366 2593 454 2670 pedes
474 2595 630 2671 proieiunt3
654 2599 745 2667 orant,
767 2598 801 2653 ut
822 2594 963 2653 adventus
979 2593 1108 2653 Caesaris
1130 2611 1246 2669 exspee·

170 2699 256 2754 tetur.
285 2692 406 2770 Oaptam
428 2712 510 2753 suam
525 2695 626 2755 urbem
642 2694 747 2767 videre,
769 2712 858 2770 opera
871 2693 1007 2771 perfecta,
1022 2698 1129 2754 turrem
1144 2694 1244 2753 subru-
1266 2702 1281 2750 3

169 2801 245 2874 tam3
275 2795 375 2871 itaque
404 2796 441 2855 ab
470 2795 636 2857 defensione
664 2796 808 2858 desistere.
852 2796 970 2856 Nullam
1004 2796 1107 2856 exoriri
1134 2813 1244 2856 moram

169 2915 269 2976 posse,
292 2915 349 2973 quo
371 2898 483 2975 minus,
511 2916 576 2958 eum
598 2899 736 2973 venisset,
762 2899 786 2958 si
808 2898 949 2976 imperata
976 2917 1035 2958 non
1057 2897 1185 2958 faeerent
1206 2898 1244 2958 ad

167 3005 287 3070 nutum,
310 3018 326 3060 e
347 3001 468 3076 vestigio
491 3000 688 3077 diriperentur.
731 3001 858 3078 Doceat,
886 3001 911 3060 si
933 3002 1050 3062 omniuo
1072 3001 1157 3061 turris
1180 3020 1245 3060 eon-
1268 3007 1283 3056 4

171 3101 293 3176 didisset,
314 3119 373 3160 nou
395 3119 481 3176 posse
495 3101 597 3161 milites
612 3101 757 3179 eontineri,
779 3103 849 3176 quin
870 3120 924 3176 spe
945 3103 1069 3177 praedae
1090 3104 1120 3162 iu
1142 3105 1245 3164 urbem

168 3203 365 3278 inrumperent
392 3203 553 3278 urbemque
582 3203 716 3263 delerent.
759 3203 842 3262 Haeo
869 3206 956 3277 atque
984 3203 1111 3264 eiusdem
1134 3205 1247 3281 generis

173 3305 321 3379 eomplura
334 3308 367 3364 ut
381 3305 418 3364 ab
433 3303 596 3366 bominibus
611 3305 701 3365 doetis
712 3322 819 3381 magna
830 3323 896 3366 oum
909 3304 1102 3365 misericordia
1116 3305 1248 3382 fletuque

170 3406 402 3482 pronuntiantur.

253 3501 305 3570 13.
327 3506 440 3581 Quibus
468 3509 554 3568 rebus
580 3509 715 3569 oommoti
742 3509 830 3586 legati
859 3508 961 3568 milites
987 3526 1022 3567 ex
1052 3526 1139 3585 opere
1160 3509 1247 3570 dedu-

168 3615 246 3684 cunt,
269 3612 487 3684 oppugnatione
502 3610 656 3687 desistunt
677 3612 813 3686 operibus
828 3611 976 3670 custodias
991 3611 1170 3685 relinquunt.
1201 3612 1249 3670 In·
1270 3620 1284 3667 2

168 3712 317 3772 datiarum
340 3712 463 3786 quodam
486 3730 594 3787 genere
616 3713 817 3772 misericordia
842 3715 921 3773 teoto
945 3714 1089 3774 adventus
1112 3714 1247 3775 Caesaris

168 3819 365 3889 exspectatur.
393 3815 514 3874 Nullum
537 3832 574 3874 ex
595 3833 686 3892 muro,
708 3817 820 3874 nullum
840 3818 982 3876 anostris
997 3818 1130 3876 mittitur
1144 3820 1247 3892 telum;

168 3925 203 3979 ut
223 3931 256 3974 re
278 3918 409 3977 eonfeota
430 3935 528 3977 omnes
551 3935 651 3976 euram
674 3924 705 3976 et
726 3918 909 3992 diligentiam
931 3920 1097 3980 remittunt.
1141 3919 1250 3980 Caesar
1271 3929 1287 3977 3
