2964 4506
226 296 267 354 30
604 294 653 349 DE
672 293 790 349 BELLO
809 294 922 349 CIVILI

187 478 202 528 2
225 471 331 532 (laesar
352 471 439 532 duces
461 470 689 531 adversariorum
710 470 822 530 silentio
838 470 935 546 copias
959 471 1056 531 castris
1071 471 1200 531 educere.
1237 471 1302 546 Quo

225 573 341 650 cognito
363 573 478 650 signum
501 571 563 631 dari
583 571 664 633 iubet
686 577 716 632 et
737 591 807 632 vasa
822 573 935 633 militari
950 592 1031 634 more
1045 573 1225 634 conclamari.
1258 575 1303 635 Illi

224 676 361 736 exaudito
384 677 508 736 clamore
530 674 620 748 veriti,
642 692 680 734 ne
700 680 789 736 noctu
810 675 940 752 impediti
961 677 1016 736 sub
1039 695 1125 737 onere
1147 677 1303 755 confligere

224 781 395 853 cogerentur
417 782 468 836 aut
489 795 526 836 ne
548 777 585 836 ab
608 775 738 850 equitatu
762 775 891 836 Caesaris
912 777 941 835 in
964 778 1103 853 angustiis
1128 783 1301 852 tenerentur,

188 879 279 939 aiter
311 879 496 954 supprimunt
528 878 683 954 copiasque
711 878 741 936 in
774 879 872 938 castris
905 881 1061 940 continent.
1105 882 1223 942 Postero
1257 881 1303 942 die

225 981 354 1042 Petreius
375 999 440 1040 cum
468 980 568 1056 paucis
587 965 734 1056 ¹equitibus
756 982 866 1040 occulte
888 980 925 1040 ad
954 982 1132 1058 exploranda
1153 984 1217 1044 loca
1238 1002 1303 1061 pro·

222 1083 367 1144 ficiscitur.
400 1083 465 1143 Hoc
486 1083 562 1143 idem
584 1082 619 1143 lit
640 1102 676 1143 ex
699 1083 797 1144 castris
813 1083 956 1144 Caesaris:
979 1085 1101 1145 mittitur
1115 1085 1149 1146 L.
1167 1087 1302 1148 Decidius

187 1196 202 1245 4
226 1187 304 1246 Saxa
319 1204 384 1246 cunr
399 1185 508 1262 paucis,
530 1185 580 1261 qui
595 1186 650 1245 loci
663 1191 797 1246 naturam
811 1187 972 1263 perspiciat
1007 1188 1136 1263 Uterque
1149 1188 1226 1248 idern
1241 1189 1301 1250 suis

223 1288 383 1349 renuntiat:
412 1307 432 1347 v
460 1288 539 1347 milia
567 1305 705 1364 passuum
738 1289 871 1364 proxima
896 1289 1071 1350 intercedere
1098 1289 1205 1350 itineris
1228 1309 1301 1351 carn-

224 1390 342 1467 pestris,
369 1389 437 1450 inde
458 1390 591 1466 excipere
611 1391 676 1450 loca
697 1409 799 1467 aspera
825 1395 853 1450 et
880 1396 1048 1468 montuosa3
1076 1392 1127 1468 qui
1148 1393 1228 1468 prior
1248 1391 1301 1452 has

223 1491 372 1568 angustias
408 1491 606 1569 occupaverit,
642 1493 679 1551 ab
716 1492 771 1553 hcc
807 1491 919 1552 hostem
954 1493 1100 1570 prohiberi
1134 1493 1204 1553 nihil
1241 1511 1302 1554 esse

220 1594 337 1670 negotii

310 1690 366 1760 67.
389 1696 563 1774 Disputatur
593 1697 623 1756 in
653 1697 771 1757 consilio
805 1715 824 1756 a
855 1698 970 1757 Petreio
1003 1703 1092 1774 atque
1125 1697 1242 1759 Afranio
1273 1703 1303 1760 et

224 1805 337 1876 tempus
359 1798 543 1876 profectionis
565 1799 721 1876 quaeritur.
758 1799 892 1876 Plerique
907 1801 1070 1878 censebant,
1092 1805 1125 1860 ut
1139 1805 1227 1861 noctu
1248 1801 1303 1861 iter¹

186 1909 201 1959 2
223 1899 365 1962 lacerent:
388 1919 473 1978 posse
495 1902 575 1977 prius
596 1902 633 1961 ad
648 1903 796 1978 augustias
810 1902 909 1978 veniri,
932 1920 1019 1978 quam
1041 1903 1203 1963 sentiretur.
1237 1903 1301 1980 Alii,

222 2004 302 2080 quod
324 2005 414 2080 pridie
434 2010 522 2066 noctu
545 2006 755 2065 conclamatum
782 2010 857 2065 esset
878 2005 907 2063 in
931 2004 1060 2065 Caesaris
1083 2005 1196 2082 castris,
1218 2023 1301 2082 argu-

187 2115 202 2164 3
223 2107 313 2166 menti
334 2109 488 2168 sumebant
508 2109 571 2168 loco
594 2126 652 2167 non
674 2126 760 2184 posse
782 2109 854 2168 clam
877 2107 956 2169 exiri.
994 2105 1192 2168 circumfundi
1213 2112 1301 2168 noctu

224 2207 384 2283 equitatum
411 2208 540 2268 Caesaris
573 2214 660 2285 atque
689 2209 786 2269 omnia
815 2211 879 2270 loca
904 2213 992 2288 atque
1023 2209 1126 2270 itinera
1155 2209 1299 2287 obsidere3

225 2314 425 2386 nocturnaque
445 2309 556 2387 proelia
569 2329 631 2371 csse
644 2311 776 2388 vitanda,
798 2312 876 2387 quod
897 2312 1064 2388 perterritus
1079 2312 1160 2372 miles
1174 2311 1204 2370 iu
1227 2311 1302 2372 civili

188 2421 203 2470 4
225 2411 400 2472 dissensione
422 2413 517 2472 timori
538 2413 630 2489 magis
651 2430 739 2489 quam
762 2413 893 2488 religioni
914 2415 1062 2474 consulere
1077 2411 1230 2474 consuerit.
1262 2415 1303 2473 At

222 2514 316 2574 lucem
344 2515 467 2575 multum
494 2533 595 2592 perse
622 2516 762 2592 pudorem
788 2517 917 2576 omnium
940 2517 1036 2594 oculis,
1058 2517 1181 2576 multum
1215 2515 1301 2576 etiam

223 2616 404 2677 tribunorum
426 2617 549 2679 militurn
571 2623 600 2678 et
615 2619 814 2680 centurionum
836 2620 1029 2696 praesentium
1045 2618 1172 2696 adferre3
1196 2618 1302 2694 quibus

187 2726 202 2776 5
222 2719 310 2778 rebus
333 2720 455 2780 coerceri
477 2720 581 2781 milites
604 2725 632 2781 et
644 2722 674 2780 in
691 2720 788 2783 officio
804 2721 941 2780 contineri
956 2723 1075 2783 soleant.
1098 2721 1209 2793 Quare
1224 2719 1302 2778 omni

223 2821 334 2880 ratione
356 2839 418 2880 esse
439 2821 562 2882 interdiu
588 2821 850 2899 perrumpendum:
880 2822 933 2880 etsi
959 2821 1056 2895 aliquo
1078 2823 1196 2895 accepto
1219 2818 1301 2879 detri-

222 2927 321 2982 mento
343 2927 440 2982 tamen
462 2942 576 2984 summa
597 2925 737 2984 exercitus
758 2924 839 2982 salva
859 2923 963 2996 locum,
992 2939 1078 2996 quern
1099 2925 1209 2997 petant,
1238 2922 1302 2998 capi

185 3033 200 3082 6
221 3041 316 3098 posse.
351 3025 432 3086 Haec
454 3027 542 3087 vincit
555 3027 585 3086 in
607 3026 723 3086 consilio
746 3023 894 3095 sententia,
917 3029 946 3083 et
966 3023 1060 3100 prima
1080 3025 1144 3083 luce
1165 3022 1301 3101 postridie

222 3127 400 3188 constituunt
420 3128 571 3206 proticisci.

308 3225 362 3294 68.
387 3230 492 3291 (iaesar
521 3229 675 3306 exploratis
697 3229 863 3305 regionibus
889 3229 1005 3289 albente
1031 3229 1110 3289 caelo
1134 3247 1234 3289 omnes
1256 3247 1299 3288 co·

222 3331 286 3405 pias
308 3333 406 3392 castris
434 3333 530 3393 educit
556 3348 722 3406 magnoque
745 3330 862 3390 circuitu
885 3331 964 3390 nullo
995 3335 1072 3390 certo
1100 3329 1201 3391 itinere
1222 3348 1299 3390 suer-

224 3435 313 3492 citum
336 3433 422 3493 ducit.
450 3434 479 3491 N
481 3449 528 3491 am
551 3448 626 3507 quas
646 3431 749 3491 itinera
762 3431 800 3490 ad
815 3431 956 3492 Hiberum
971 3440 1060 3508 atque
1074 3433 1111 3492 ad
1127 3432 1299 3508 Octogesam

185 3542 199 3592 2
224 3534 421 3612 pertinebant,
455 3535 553 3594 castris
579 3533 704 3593 hostium
733 3535 871 3612 oppositis
903 3536 1084 3596 tenebantur.
1127 3535 1185 3611 Ipsi
1219 3538 1300 3595 eraut

224 3636 469 3696 transcendendae
483 3636 572 3696 valles
593 3635 737 3696 maximae
752 3655 786 3698 ac
807 3636 1005 3716 difficillimae,
1026 3655 1098 3698 saxa
1112 3637 1209 3696 multis
1230 3635 1300 3697 locis

222 3742 380 3815 praerupta
400 3739 453 3798 iter
474 3739 684 3816 impediebant,
706 3744 740 3799 ut
761 3758 842 3799 arma
866 3759 918 3818 per
939 3758 1043 3800 manus
1063 3737 1222 3798 necessario
1244 3742 1300 3797 tra·

222 3840 358 3900 darentur
385 3841 545 3918 militesque
573 3843 697 3902 inermes
718 3843 918 3918 sublevatique
947 3842 994 3901 alii
1019 3842 1058 3901 ab
1079 3840 1140 3899 aliis
1162 3857 1299 3916 magnam

184 3949 199 3999 3
220 3947 333 4018 partem
355 3943 462 4004 itineris
485 3944 666 4006 conficerent.
705 3946 761 4006 Sed
783 3945 860 4005 huuc
880 3946 1007 4005 laborem
1030 3943 1184 4003 recusabat
1204 3960 1300 4019 nemo,
