2964 4506
640 266 676 321 II.
696 269 804 321 32-35.
1221 266 1259 323 57

180 447 209 502 et
230 459 312 502 suam
334 444 421 502 fidem
443 443 641 515 virtutemque
663 442 800 516 experiri
831 441 893 512 Quo
915 442 995 500 iacto
1011 447 1190 501 commutata
1204 459 1263 500 om·
1285 451 1300 498 a

178 546 260 604 nium
282 549 311 604 et
331 546 484 604 voluntate
506 550 537 603 et
556 545 692 618 opinione
707 560 849 603 consensu
864 560 983 602 suorum
998 545 1151 603 constitnit
1166 542 1261 618 Curio,

179 665 243 707 enm
265 649 392 722 primum
407 650 448 706 sit
463 649 534 707 data
548 653 689 721 potestas,
710 632 823 720 proelio
843 663 905 704 rem
921 647 1110 722 committere,
1133 651 1262 721 postero·
1284 653 1299 702 4

177 767 233 823 que
256 751 303 809 die
324 751 483 825 productos
505 750 605 808 eodem
626 750 697 824 loco,
721 765 777 822 quo
799 749 1001 823 superioribus
1028 748 1131 807 diebus
1154 749 1261 807 consti-

176 856 265 927 terat,
288 853 319 911 in
341 853 404 912 acie
426 853 565 911 conlocat
606 851 652 910 Ne
674 850 773 910 Varus
795 851 911 923 quidem
933 850 1052 909 dubitat
1073 851 1172 925 copias
1194 867 1262 924 pro·
1284 857 1299 905 5

177 953 290 1028 ducere,
314 954 378 1013 sive
400 953 580 1014 sollicitandi
602 954 709 1012 milites
729 954 793 1012 sive
816 969 908 1026 aequo
923 954 986 1011 loco
1001 952 1160 1012 dimicandi
1175 953 1261 1011 detur

175 1056 296 1130 occasio,
320 1073 356 1114 ne
377 1055 549 1116 facultatem
570 1057 800 1130 praetermittat.

260 1151 316 1221 34.
338 1158 416 1217 Erat
437 1159 526 1218 vallis
548 1161 628 1218 luter
649 1159 723 1218 duas
745 1160 839 1234 acies,
862 1163 895 1218 ut
916 1174 1007 1232 supra
1028 1157 1259 1216 demonstratum

174 1265 227 1334 est,
250 1277 308 1318 non
331 1261 373 1320 ita
395 1277 510 1335 magna,
534 1266 567 1319 at
588 1261 704 1319 difficili
719 1265 748 1320 et
762 1261 854 1319 arduo
869 1276 1000 1320 ascensu.
1035 1259 1121 1317 Hanc
1135 1262 1257 1330 uterque

173 1362 200 1419 si
222 1361 460 1420 adversariorum
483 1363 584 1437 copiae
605 1363 734 1421 naurire
756 1367 947 1436 conarentur,
972 1361 1177 1435 exspectabat,
1201 1375 1257 1432 quo

173 1463 312 1535 aequiore
344 1464 407 1522 loco
439 1464 583 1538 proelium
616 1464 840 1523 committeret.
856 1509 908 1523 ...
938 1462 1032 1522 Simul
1065 1463 1101 1521 ab
1135 1461 1294 1520 sinistrot

172 1581 263 1624 cornu
284 1565 318 1625 P.
341 1566 419 1625 Attii
447 1567 596 1639 equitatus
624 1567 717 1624 omnis
740 1571 771 1624 et
792 1583 852 1625 una
872 1566 948 1624 levis
970 1571 1140 1625 armaturae
1162 1564 1256 1621 inter·

172 1667 243 1725 iacti
275 1669 438 1741 complures
471 1685 536 1726 oum
568 1685 600 1726 se
628 1669 660 1727 in
681 1668 791 1727 vallem
813 1668 1016 1742 demitterent,
1050 1666 1255 1724 cernebantur.

171 1767 219 1825 Ad
241 1785 290 1826 eos
305 1769 392 1828 Curio
414 1771 577 1842 equitatum
600 1774 629 1829 et
651 1771 724 1829 ddas
738 1770 974 1829 Marrucinorum
1000 1770 1135 1828 cobortes
1150 1767 1253 1826 mittit.
1277 1775 1292 1823 3

170 1869 301 1939 Quorum
333 1871 460 1944 primum
492 1873 631 1947 impetum
659 1873 773 1945 equites
794 1873 923 1931 hostium
945 1889 1003 1930 non
1025 1871 1169 1944 tulerunt,
1204 1869 1255 1927 sed

169 1971 306 2030 admissis
327 1973 410 2045 equis
432 1973 470 2032 ad
492 1990 560 2032 suos
581 1974 772 2048 refugerunt3
795 1975 894 2033 relicti
916 1976 952 2033 ab
978 1975 1025 2032 bis
1047 1973 1098 2046 qui
1113 1989 1172 2031 uua
1187 1988 1254 2046 pro-

169 2078 326 2132 currerant
355 2074 431 2134 levis
453 2081 623 2135 armaturae
652 2077 960 2136 circumveniebantur
981 2081 1071 2148 atque
1092 2073 1252 2132 interficie-

169 2177 280 2234 bantur
302 2177 338 2234 ab
361 2178 479 2238 nostris.
523 2177 590 2236 Huc
612 2184 677 2237 tota
698 2179 772 2238 Vari
794 2195 936 2237 conversa
958 2177 1035 2237 acies
1057 2193 1125 2235 suos
1146 2175 1288 2250 ingeret

167 2284 199 2336 et
220 2278 333 2337 concidi
355 2279 483 2339 videbat
514 2281 590 2340 Tum
605 2282 737 2356 Rebilus,
759 2283 878 2355 legatus
893 2279 1037 2355 Caesaris,
1060 2296 1145 2352 quem
1161 2276 1249 2337 Curio

167 2396 264 2439 seeum
293 2397 329 2440 ex
351 2380 455 2440 Sicilia
487 2382 626 2459 duxerat,
658 2385 734 2457 quod
763 2401 902 2458 magnum
923 2384 1033 2442 babere
1055 2398 1140 2440 usum
1162 2381 1194 2439 in
1217 2396 1250 2438 re

167 2482 292 2541 militari
307 2484 424 2558 sciebat,
444 2474 672 2560 ‘Perterritum',
688 2488 792 2560 inquit,
812 2477 937 2545 ‘bostem
952 2485 1042 2559 vides,
1059 2481 1162 2542 Curio:
1178 2482 1249 2555 quid

167 2582 282 2642 dubitas
315 2586 359 2643 uti
386 2587 528 2657 temporis
549 2583 803 2659 opportunitate?
846 2588 903 2646 Ille
924 2604 1014 2646 unum
1036 2587 1180 2659 elocutus,
1214 2589 1286 2642 ott

167 2686 308 2744 memoria
339 2690 477 2745 tenerent
508 2688 618 2748 milites
645 2707 691 2764 ea,
725 2705 800 2762 quae
822 2689 918 2762 pridie
940 2690 997 2749 sibi
1019 2688 1248 2759 confirmassent,

167 2787 250 2860 sequi
272 2803 335 2846 sese
357 2789 440 2846 iubet
462 2794 493 2846 et
514 2793 683 2863 praecurrit
705 2798 775 2851 ante
796 2808 903 2850 omnes.
947 2791 1087 2864 Adeoque
1108 2795 1175 2848 erat
1196 2790 1249 2848 im·

165 2889 268 2962 pedite
300 2890 403 2966 vallis,
437 2895 471 2949 nt
503 2893 534 2951 in
563 2909 685 2952 ascensu
707 2893 764 2953 nisi
786 2894 934 2954 sublevati
957 2910 975 2952 a
996 2895 1058 2953 suis
1079 2892 1168 2966 primi
1191 2907 1249 2950 non

166 2990 255 3048 facile
276 2991 469 3053 eniterentur.
499 2993 557 3052 Sed
579 3001 812 3071 praeoccupatus
826 2998 941 3055 animus
957 2997 1148 3054 Attianorum
1171 2994 1247 3052 mili·
1271 3018 1285 3064 5

166 3098 230 3148 tum
252 3092 358 3149 timore
380 3098 411 3150 et
432 3093 505 3167 fuga
527 3101 558 3153 et
581 3097 668 3154 caede
689 3114 808 3156 suorum
829 3099 905 3156 nihil
928 3099 964 3157 de
986 3098 1147 3157 resistendo
1170 3098 1248 3171 cogi-

167 3194 257 3268 tabat,
281 3208 438 3266 omnesque
459 3196 518 3254 iam
541 3213 572 3255 se
588 3199 624 3256 ab
640 3200 775 3270 equitatu
791 3200 999 3259 circumveniri
1014 3201 1246 3261 arbitrabantur.

166 3294 269 3368 Itaque
288 3297 372 3370 prius
394 3313 481 3369 quarn
503 3299 593 3357 telum
613 3299 695 3374 adigi
716 3305 815 3375 posset
836 3305 888 3361 aut
909 3302 1004 3361 nostri
1025 3301 1145 3376 propius
1168 3318 1247 3360 acce-

166 3397 277 3473 derent,
303 3400 398 3459 omnis
419 3400 492 3459 Vari
518 3402 595 3460 acies
617 3407 705 3476 terga
726 3404 822 3463 vertit
843 3421 932 3478 seque
953 3406 985 3464 in
1007 3411 1106 3464 castra
1128 3405 1246 3479 recepit.

251 3492 310 3563 35.
340 3501 405 3572 Qua
425 3501 456 3560 in
470 3503 543 3577 iuga
557 3503 669 3564 Fabius
682 3504 847 3580 Paelignus
862 3509 981 3581 quidam
995 3525 1032 3566 ex
1046 3507 1154 3567 infimis
1169 3509 1247 3567 ordi-

166 3601 252 3660 nibus
274 3602 310 3660 de
332 3605 464 3663 exercitu
479 3603 614 3666 Curionis
635 3607 747 3681 primus
762 3625 868 3682 agmen
882 3610 1059 3684 fugientium
1074 3618 1247 3672 consecutus

165 3720 273 3778 magna
295 3721 366 3764 voce
388 3705 500 3764 Varum
521 3709 638 3766 nomine
660 3710 813 3784 appellans
832 3713 1010 3788 requirebat,
1033 3716 1078 3773 uti
1093 3731 1169 3772 unus
1184 3731 1247 3773 esse

166 3822 202 3864 ex
230 3808 293 3866 eius
315 3808 459 3868 militibus
482 3814 512 3868 et
533 3827 653 3869 monere
675 3813 787 3885 aliquid
809 3815 886 3874 velle
909 3816 1063 3876 aedicere
1084 3817 1246 3877 videretur.

165 3907 223 3967 Ubi
250 3910 303 3969 ille
324 3911 441 3984 saepius
464 3912 632 3986 appellatus
654 3914 786 3987 respexit
808 3932 842 3974 ac
864 3917 979 3976 restitit
1000 3924 1044 3993 et,
1074 3919 1140 3992 quis
1168 3931 1247 3983 esset
1269 3932 1283 3981 2
