2964 4506
637 271 686 326 III.
705 274 815 324 92-96.
1191 265 1251 325 107

262 441 318 511 94.
340 447 450 508 Eodem
479 439 608 524 tempore
639 445 752 506 tertiam
781 445 871 504 aciem
901 444 1021 524 Caesar,
1054 453 1130 519 quae
1158 443 1255 517 quieta

177 549 273 609 fuerat
294 555 323 609 et
344 567 376 610 se
397 547 434 608 ad
455 549 484 608 id
506 553 619 624 tempus
640 549 703 608 loco
726 552 866 624 tenuerat,
887 563 1055 623 procurrere
1075 544 1166 604 iussit.
1210 544 1257 602 Ita
1276 551 1291 600 2

179 670 244 712 oum
265 641 393 712 recentes
421 656 509 726 atque
530 650 635 727 integri
661 649 779 710 defessis
806 649 1020 726 successissent,
1048 647 1095 706 alii
1118 651 1255 706 autema

149 795 152 800 -
178 759 260 830 tergo
289 753 482 830 adorirentur,
514 755 656 812 sustinere
688 751 857 828 Pompeiani
888 769 947 810 non
978 754 1136 827 potuerunt
1168 753 1256 824 atque

178 857 306 916 universi
321 861 404 932 terga
418 860 576 916 verterunt.
613 852 728 933 [Neque
743 871 811 913 vero
827 853 978 914 ansamm
1000 851 1110 929 fefellit,
1133 852 1202 926 quin
1217 851 1255 910 ab
1277 857 1292 906 3

177 958 211 1018 iis
233 957 407 1034 cohortibus,
429 975 506 1033 qnae
528 962 627 1017 cenna
649 957 808 1032 equitatum
830 956 860 1014 in
883 961 986 1030 quarta
1008 955 1068 1015 acie
1090 955 1255 1014 conlocatae

178 1065 280 1136 essent,
301 1059 413 1120 initium
435 1059 572 1119 victoriae
586 1059 716 1136 oriretur,
737 1063 771 1118 ut
792 1059 855 1133 ipse
877 1057 907 1116 in
923 1057 1104 1117 cohortandis
1119 1055 1256 1115 militibus

179 1163 428 1238 pronuntiaverat.
473 1162 519 1223 Ab
541 1161 585 1220 his
607 1161 683 1220 euim
705 1160 829 1236 primum
853 1161 999 1234 equitatus
1021 1164 1064 1218 est
1088 1158 1197 1236 pulsus,
1219 1157 1256 1216 ab
1279 1163 1294 1212 l

177 1263 268 1322 isdem
292 1262 387 1323 factae
402 1263 505 1323 caedes
520 1263 734 1338 sagittariorum
750 1280 785 1322 ac
804 1260 994 1338 funditorum,
1016 1261 1053 1320 ab
1075 1261 1165 1320 isdem
1181 1261 1256 1319 acies

173 1365 357 1441 'Pompeiana
379 1383 397 1423 a
417 1365 534 1424 sinistra
562 1369 644 1440 parte
665 1369 728 1424 erat
749 1363 897 1423 circumita
925 1368 1012 1438 atque
1033 1363 1145 1422 initium
1167 1359 1257 1437 fugae

179 1463 311 1545 factum]
338 1466 402 1545 aed
424 1467 589 1544 Pompeius,
611 1471 644 1526 ut
659 1467 819 1542 equitatum
841 1483 924 1525 suum
947 1466 1064 1542 pulsum
1078 1464 1150 1523 vidit
1171 1468 1258 1538 atque
1279 1469 1294 1518 5

179 1585 242 1628 eam
258 1573 380 1645 partem,
396 1569 441 1628 oui
455 1568 581 1628 maxime
596 1567 769 1646 confidebat,
787 1568 966 1644 perterritam
982 1567 1110 1627 animum
1126 1565 1256 1638 advertit,

181 1669 242 1730 aliis
264 1669 378 1730 diffisus
400 1670 460 1732 acie
475 1671 596 1731 excessit
617 1671 806 1748 protinusque
827 1687 858 1730 se
879 1671 910 1730 in
925 1674 1018 1730 castra
1039 1687 1114 1744 equo
1137 1668 1257 1729 contulit

180 1775 209 1830 et
236 1773 273 1830 iis
302 1773 531 1850 centurionibus,
560 1791 633 1848 quos
662 1775 692 1831 in
719 1773 843 1832 statione
873 1773 909 1831 ad
938 1771 1111 1848 praetoriam
1143 1774 1293 1846 portame

179 1878 330 1950 posuerat,
352 1874 440 1950 clare,
461 1878 495 1932 nt
515 1874 618 1934 milites
640 1874 824 1950 exaudirent,
839 1865 1008 1944 ‘'luemini',
1028 1873 1131 1948 inquit,
1148 1869 1258 1932 ‘castra

180 1981 209 2035 et
230 1974 375 2035 defendite
397 1975 561 2051 diligenter,
590 1975 709 2051 siquid
738 1976 837 2035 durius
860 1976 1001 2036 acciderit.
1046 1976 1110 2051 Ego
1132 1975 1257 2049 reiquae

173 2081 278 2153 portas
306 2076 447 2136 circumeo
476 2081 505 2136 et
534 2081 692 2137 castrorum
713 2076 857 2154 praesidia
884 2070 1043 2137 confirmo'.
1089 2077 1169 2136 Hace
1192 2082 1292 2136 cumi

182 2177 307 2255 dixisset,
328 2194 360 2237 se
374 2177 403 2236 in
418 2179 596 2254 praetorium
611 2179 739 2256 contulit,
760 2196 890 2239 summae
905 2181 947 2239 rei
967 2177 1103 2239 diffidens
1118 2184 1147 2239 ct
1161 2183 1257 2238 tamen

183 2285 319 2339 eventum
343 2285 522 2357 exspectans.

268 2374 325 2446 95.
347 2380 453 2442 ansar
481 2381 665 2458 Pompeianis
694 2400 731 2442 ex
758 2381 832 2458 fuga
859 2382 934 2441 intra
966 2383 1074 2442 vallum
1103 2381 1258 2458 compulsis

183 2483 293 2542 nullum
308 2483 434 2559 spatium
453 2483 609 2561 perterritis
624 2484 685 2542 dari
701 2489 832 2560 oportere
847 2483 1012 2544 existimans
1033 2485 1139 2545 milites
1162 2484 1258 2544 eohor-

183 2589 260 2644 tatus
275 2589 326 2661 est,
348 2589 381 2644 ut
402 2583 542 2645 beneficio
565 2584 699 2646 fortunae
714 2590 863 2646 uterentur
877 2591 1027 2662 castraque
1049 2591 1259 2663 oppugnarent.

184 2685 249 2762 Qui,
271 2686 324 2746 etsi
345 2705 453 2762 magno
475 2692 557 2747 aestu
578 2687 701 2766 fatigati,
724 2689 803 2765 (nam
826 2688 863 2747 ad
879 2688 1025 2748 meridiem
1046 2707 1092 2748 res
1115 2693 1176 2748 erat
1196 2706 1259 2765 per-

183 2787 289 2864 ducta)
305 2793 401 2848 tamen
414 2788 451 2846 ad
461 2806 576 2848 omnem
588 2789 720 2849 ‘laborem
736 2791 834 2850 animo
848 2791 942 2866 parati
955 2790 1075 2867 imperio
1090 2795 1257 2867 paruerunt.

183 2889 285 2948 Castra
307 2907 325 2948 a
347 2889 526 2968 cohortibus,
548 2908 624 2966 quae
645 2891 688 2951 ihi
709 2891 853 2969 praesidio
876 2898 958 2953 erant
979 2892 1101 2971 relictae,
1122 2892 1260 2953 industrie
1281 2896 1295 2944 2

183 2987 427 3067 defendebantur,
458 2993 549 3052 multo
581 2995 668 3052 etiam
701 2996 796 3054 acrius
829 3012 847 3052 a
876 2993 1037 3055 Thracibus
1073 2995 1260 3071 barbarisque

184 3091 309 3150 auxiliis.
342 3091 419 3149 Nam
442 3092 492 3167 qui
507 3110 543 3152 ex
558 3093 619 3152 acie
639 3092 807 3170 refugerant
821 3096 936 3172 milites,
958 3101 986 3156 et
1001 3098 1099 3156 animo
1120 3097 1261 3172 perterriti
1281 3100 1296 3148 3

185 3198 214 3253 et
228 3191 398 3253 lassitudine
410 3191 541 3270 confecti,
555 3194 677 3254 dimissis
690 3195 821 3272 plerique
831 3197 918 3255 armis
928 3197 1078 3273 signisque
1092 3198 1261 3258 militaribus

184 3294 277 3370 magis
299 3294 336 3354 de
350 3295 462 3371 reliqua
482 3295 556 3372 fuga
577 3314 665 3372 quam
681 3297 717 3356 de
732 3302 890 3358 castrorum
905 3297 1072 3358 defensione
1087 3299 1261 3375 cogitabant.

183 3397 287 3472 Neque
320 3415 389 3458 vero
425 3397 534 3458 diutius
575 3399 624 3474 qui
654 3401 684 3458 in
717 3400 792 3459 vallo
825 3400 1011 3461 constiterant
1048 3400 1299 3460 multibrdinemt

183 3499 306 3558 telorum
343 3501 485 3559 sustinere
520 3504 691 3578 potuerunt,
727 3501 778 3562 sed
810 3500 931 3562 confecti
963 3504 1130 3564 vulneribus
1166 3504 1261 3563 locum

184 3601 369 3676 reliquerunt,
383 3601 572 3678 protinusque
587 3621 686 3663 omnes
702 3604 824 3664 ducibus
839 3604 883 3664 usi
898 3605 1112 3665 centurionibus
1127 3607 1261 3666 tribunis-

184 3719 241 3777 que
271 3702 394 3763 militum
424 3702 454 3761 in
484 3703 635 3764 altissimos
656 3711 782 3784 montes,
809 3705 859 3781 qui
889 3706 926 3765 ad
953 3713 1046 3768 eaeha
1069 3708 1262 3784 pertinebant,

184 3803 384 3881 confugerunt.

268 3900 322 3968 96.
346 3907 380 3965 ln
393 3906 491 3967 eastris
502 3907 622 3983 Pompei
633 3908 732 3969 videre
746 3909 825 3969 licuit
840 3909 964 3972 trichilas
978 3917 1108 3990 structas,
1123 3931 1261 3989 magnum
