2960 4500
243 289 282 346 ao
624 261 812 344 nn'enmo
831 289 945 344 orum

241 463 313 524 sidio
334 463 496 542 reliquerat,
517 464 547 523 in
569 468 662 525 castra
682 465 825 540 pervenit.
858 465 944 541 Pons,
966 466 1018 541 qni
1039 462 1135 526 iuerat
1150 469 1320 543 tempestate

204 575 219 624 2
241 567 426 644 interruptus,
446 585 540 644 paene
561 572 623 627 erat
643 565 781 628 reiectus:
804 566 882 628 hune
900 572 987 628 noctu
1009 566 1110 644 perfici
1131 568 1220 629 iussit.
1255 569 1321 645 Ipse

244 669 360 746 cognita
381 670 509 730 locorum
531 673 636 729 natura
656 669 738 747 ponti
761 669 917 746 castrisque
944 669 1090 747 praesidio
1118 689 1169 730 sex
1191 669 1322 731 cohortes

241 771 378 846 relinquit
399 776 487 847 atque
501 773 600 830 omnia
613 771 818 847 impedimenta
833 776 862 832 et
879 777 995 848 postero
1010 771 1056 830 die
1071 772 1205 832 omnibus
1230 773 1322 849 copiis

242 874 347 951 triplici
375 877 516 934 instructa
543 873 604 933 acie
633 874 670 933 ad
697 874 820 934 Ilerdam
853 873 1044 951 proficiscitur
1071 879 1100 934 et
1131 876 1186 935 sub
1221 876 1321 935 castris

241 974 353 1035 Afranii
375 976 503 1036 consistit
523 980 553 1036 et
572 976 615 1035 ibi
636 975 783 1053 paulisper
803 976 857 1036 sub
880 977 966 1036 armis
986 982 1114 1036 moratus
1135 975 1205 1037 facit
1226 995 1320 1052 aequo

240 1078 304 1138 loco
327 1077 477 1154 pugnandi
492 1081 673 1154 potestatem.
703 1078 849 1137 Potestate
862 1075 941 1138 facta
956 1075 1095 1138 Afranius
1110 1078 1207 1156 copias
1224 1077 1322 1139 educit

204 1184 270 1240 3et
291 1179 321 1238 in
343 1179 437 1239 medio
460 1181 531 1239 colle
558 1181 613 1240 sub
642 1179 739 1239 castris
768 1179 923 1239 constituit.
970 1178 1075 1240 Caesar
1104 1181 1157 1240 ubi
1184 1180 1321 1257 cognovit

242 1300 294 1360 per
315 1281 469 1341 Afranium
490 1286 581 1357 stare,
603 1299 661 1357 quo
683 1282 778 1341 minus
798 1283 909 1358 proelio
931 1281 1131 1359 dimicaretur,
1153 1283 1190 1342 ab
1212 1281 1322 1342 infimis

242 1383 386 1443 radicibus
407 1383 513 1442 montis
534 1383 701 1443 intermissis
724 1383 833 1443 circiter
858 1383 991 1460 passibus
1013 1401 1083 1442 ecco
1111 1387 1204 1442 castra
1225 1381 1322 1443 facere

204 1486 390 1546 lconstituit
418 1491 461 1564 et,
491 1504 528 1546 ne
556 1485 586 1544 in
615 1503 702 1562 opere
730 1484 867 1546 faciundo
889 1485 995 1546 milites
1023 1485 1172 1562 repentino
1193 1484 1321 1545 hostium

242 1589 361 1648 incursu
388 1592 599 1648 exterrerentur
623 1592 712 1662 atque
737 1605 824 1664 opere
851 1586 1086 1664 prohiberentur,
1112 1586 1188 1647 vallo
1217 1587 1323 1647 muniri

241 1691 341 1762 vetuit,
363 1690 442 1766 qnod
466 1691 591 1750 eminere
606 1695 635 1750 et
655 1691 757 1766 procul
771 1689 862 1749 videri
883 1707 998 1750 necesse
1020 1694 1094 1765 erat,
1116 1689 1166 1750 sed
1188 1707 1206 1748 a
1226 1688 1323 1751 fronte

244 1791 360 1870 [castra]
384 1798 484 1853 contra
504 1791 614 1852 hostem
638 1792 746 1868 pedum
768 1812 808 1851 xv
829 1791 936 1852 fossam
958 1791 1022 1852 ficri
1043 1791 1132 1853 iussit
1175 1791 1272 1850 Prima
1293 1797 1322 1852 et

241 1895 368 1955 secunda
390 1895 464 1955 acies
485 1895 515 1954 in
531 1894 626 1971 armis,
647 1899 681 1955 ut
695 1896 733 1955 ab
755 1895 836 1955 initio
858 1895 1014 1955 constituta
1035 1900 1104 1972 erat,
1119 1894 1320 1971 permanebat3

205 2008 220 2058 5
241 1997 381 2075 posthae
403 2015 478 2073 opus
499 1997 529 2055 in
552 1997 663 2057 occulto
686 2015 704 2056 a
726 2016 770 2058 nr.
794 1996 854 2057 acie
869 1995 967 2057 fiebat
1002 1995 1049 2056 Sic
1070 2014 1157 2056 omne
1177 1996 1257 2074 prius
1279 2000 1323 2055 est

204 2112 220 2161 6
241 2098 416 2176 perfectum,
438 2117 526 2174 quam
549 2099 763 2176 intellegeretur
784 2099 821 2159 ab
843 2097 963 2159 Afranio
987 2102 1080 2159 castra
1100 2097 1214 2158 muniri.
1260 2097 1321 2157 Sub

240 2219 393 2279 vesperum
410 2200 515 2261 Caesar
529 2201 604 2261 intra
618 2201 694 2262 hanc
707 2199 815 2260 fossam
835 2200 965 2276 legiones
979 2200 1090 2260 reducit
1103 2205 1192 2275 atque
1211 2199 1252 2259 ibi
1266 2199 1321 2259 snb

240 2304 327 2364 armis
348 2302 480 2381 proxima
501 2308 585 2363 nocte
607 2303 789 2378 conquiescit.

325 2400 383 2469 42.
408 2407 526 2467 Postero
555 2407 600 2466 die
625 2423 744 2466 ,omnem
770 2403 926 2464 exercitum
954 2402 1030 2462 intra
1057 2400 1166 2461 fossam
1195 2403 1322 2462 continet

241 2514 285 2587 et,
315 2509 393 2586 quod
419 2509 535 2586 lonqus
563 2513 625 2568 erat
652 2525 743 2584 agger
770 2505 926 2584 petendus,
953 2505 983 2564 in
1011 2505 1173 2582 praesentia
1200 2504 1321 2564 similem

241 2613 381 2674 rationem
409 2611 503 2690 operis
529 2611 654 2672 instituit
687 2611 859 2686 singulaque
886 2610 977 2669 latera
1009 2612 1167 2668 castrorum
1199 2607 1320 2683 singulis

241 2716 374 2777 attribuit
387 2714 552 2790 legionibus
566 2712 724 2772 munienda
738 2711 888 2786 fossasque
903 2711 941 2769 ad
956 2710 1077 2770 candem
1092 2708 1319 2785 magnitudinem

242 2817 343 2896 perfici
364 2817 461 2892 iubet3
485 2816 611 2888 rehquas
632 2813 760 2888 legiones
774 2813 804 2869 in
820 2811 905 2870 ermis
920 2811 1068 2886 expeditas
1088 2815 1188 2869 contra
1209 2808 1319 2870 hostem

204 2917 399 2980 tconstituit.
441 2915 580 2974 Ahanius
614 2913 800 2988 Petreiusque
832 2912 956 2972 terrendi
986 2929 1074 2972 causa
1105 2917 1195 2986 atque
1227 2913 1320 2988 operis

238 3014 417 3096 impediendi
440 3017 538 3092 copias
558 3033 626 3076 suas
649 3016 686 3075 ad
707 3014 823 3075 infimas
844 3014 950 3074 montis
970 3013 1080 3087 radices
1106 3014 1270 3090 producunt
1291 3021 1321 3074 et

204 3135 219 3184 3
240 3123 350 3202 proelio
371 3124 528 3198 lacessunt3
552 3137 647 3196 neque
669 3119 773 3180 idcirco
789 3119 894 3179 Caesar
917 3136 991 3194 opus
1010 3117 1173 3178 intermittit
1194 3117 1320 3178 confisus

205 3225 385 3304 spraesidio
414 3223 560 3300 legionum
588 3223 674 3284 trium
703 3228 732 3283 et
761 3223 924 3282 munitione
951 3219 1056 3280 fossae.
1098 3219 1144 3276 llli
1175 3237 1236 3278 non
1269 3219 1319 3278 diu

244 3328 412 3390 commorati
433 3345 488 3387 nec
507 3325 622 3402 longius
637 3326 675 3384 ab
689 3323 794 3383 infimo
817 3324 887 3383 colle
905 3319 1049 3398 progressi
1063 3319 1160 3395 copias
1174 3321 1205 3378 in
1228 3324 1321 3380 castra

206 3431 392 3492 eredncunt.
436 3429 536 3488 Tertio
567 3427 614 3486 die
636 3425 741 3486 ansar
767 3425 843 3484 vallo
872 3427 965 3483 castra
993 3421 1164 3500 communit3
1194 3422 1320 3497 reliquas

244 3533 384 3604 cohortes,
405 3548 479 3606 quas
501 3530 531 3588 in
552 3527 747 3605 superioribus
762 3527 860 3587 castris
875 3525 1037 3600 reliquerat,
1058 3523 1320 3600 impedimentaque

242 3635 280 3695 ad
301 3653 333 3695 se
354 3632 465 3694 traduci
485 3631 572 3692 iubet

327 3732 386 3800 43.
408 3735 479 3794 Erat
499 3733 573 3794 inter
594 3732 734 3810 oppidum
756 3730 880 3791 Ilerdam
903 3734 932 3790 et
952 3728 1116 3806 proximum
1139 3729 1248 3802 collem,
1269 3728 1321 3788 ubi

243 3844 336 3900 castra
358 3837 487 3898 Petreius
509 3841 597 3912 atque
618 3833 755 3893 Afranius
782 3832 945 3906 habebant,
973 3831 1105 3909 planities
1127 3831 1236 3891 circiter
1256 3848 1320 3907 pas-

242 3961 327 4002 suum
350 3959 402 4000 cco
424 3946 512 4016 atque
533 3939 562 3997 in
584 3937 640 3997 hoc
667 3935 727 3997 iere
748 3935 844 3996 medio
870 3936 965 4013 spatio
988 3934 1116 3994 tumulus
1144 3937 1205 3993 erat
1230 3933 1320 4009 paulo
