2964 4506
417 917 777 1056 oonnnnnlnrns
805 967 993 1053 Prinne.

258 1157 291 1228 1.
312 1162 426 1222 Litteris
453 1162 583 1222 Caesaris
614 1161 779 1222 oonsulibus
806 1161 922 1221 redditis
951 1177 1038 1236 aegre
1065 1161 1103 1220 ab
1130 1159 1172 1220 his
1199 1160 1251 1218 im-

172 1269 315 1340 petratum
332 1269 375 1324 est
395 1281 509 1323 summa
530 1264 711 1324 tribunorum
732 1263 824 1337 plebis
839 1263 1029 1336 contentione,
1052 1261 1128 1321 utin
1150 1267 1252 1321 senatu

172 1365 372 1440 recitarentnr3
395 1370 428 1425 ut
449 1383 519 1426 vero
541 1383 577 1426 ex
600 1365 699 1425 litteris
713 1365 751 1424 ad
772 1369 903 1424 senatum
922 1361 1084 1440 referretur,
1105 1364 1252 1439 impetrari

173 1485 232 1527 non
254 1467 357 1542 potuit.
387 1465 527 1528 Referunt
542 1468 672 1528 consules
688 1467 724 1526 de
738 1485 770 1527 re
790 1465 915 1542 publica.
944 1466 1048 1526 Incitat
1062 1465 1097 1524 L.
1114 1466 1253 1527 Lentulus
1275 1473 1289 1523 2

174 1569 273 1628 consul
301 1573 448 1628 senatum:
475 1570 518 1628 rei
545 1569 679 1644 publicae
706 1586 737 1628 ee
766 1587 825 1628 non
851 1565 1018 1636 defuturum
1046 1568 1207 1644 pollicetur,
1229 1568 1253 1627 si

174 1670 310 1732 audacter
331 1688 366 1731 ac
385 1668 498 1731 fortiter·
516 1671 672 1731 sententias
694 1671 788 1731 dicere
808 1670 910 1747 velint3
933 1669 977 1728 cin
993 1669 1144 1730 Gaesarem
1166 1669 1289 1744 respic

175 1772 251 1832 ciant
266 1777 354 1847 atquo
368 1772 429 1832 eins
444 1774 567 1848 gratiam
587 1777 753 1849 sequantur,
774 1777 807 1831 ut
828 1771 1024 1848 superioribus
1045 1768 1165 1832 iecerint
1185 1776 1254 1832 tem·

174 1873 308 1951 poribus,
334 1891 365 1933 se
391 1875 449 1934 sibi
477 1874 628 1934 consilium
657 1879 809 1950 capturum
830 1891 925 1949 noque
952 1879 1069 1934 senatus
1091 1874 1254 1934 auctoritati

175 1975 454 2052 obtemperaturum:
482 1975 589 2037 habere
609 1994 641 2036 se
668 1993 785 2051 quoque
806 1975 843 2034 ad
867 1974 996 2034 Caesaris
1023 1976 1146 2050 gratiam
1168 1980 1256 2051 atque

176 2077 329 2136 amicitiam
356 2083 513 2153 receptum.
558 2079 592 2136 ln
626 2078 746 2138 eandem
779 2077 950 2138 seutentiam
981 2077 1111 2152 loquitur
1145 2078 1291 2154 solumi

177 2178 316 2255 Pompeio
339 2197 401 2239 esse
422 2181 453 2238 in
475 2181 574 2239 animo
595 2179 790 2256 reipublicae
811 2197 870 2239 non
892 2178 1004 2255 deesse,
1030 2179 1055 2239 si
1075 2184 1192 2240 senatus
1214 2198 1255 2240 se

176 2284 295 2358 quatur3
318 2282 344 2340 si
366 2285 515 2341 cunctetur
529 2286 618 2357 atque
632 2285 701 2357 agat
714 2282 814 2358 lenius,
835 2280 1012 2356 nequiquam
1028 2283 1091 2340 eius
1106 2282 1256 2358 auxilium,

174 2381 202 2442 ei
222 2387 325 2458 postea
346 2383 422 2457 velit,
444 2389 576 2444 senatum
598 2383 827 2459 imploraturum.

260 2479 295 2546 2.
319 2485 401 2545 Haec
423 2484 563 2562 Scipionis
585 2487 687 2562 oratio,
710 2485 789 2561 quod
810 2490 927 2545 senatus
948 2487 979 2544 in
1000 2486 1074 2545 urbe
1094 2484 1255 2546 habebatur

175 2583 388 2660 Pompeiusque
409 2587 517 2660 aberat,
540 2586 689 2662 exipsius
711 2604 762 2646 ore
775 2586 895 2662 Pompei
917 2587 992 2646 mitti
1013 2586 1176 2647 videbatur.
1206 2587 1254 2646 Di·
1276 2597 1290 2646 2

173 2689 256 2746 xerat
284 2685 387 2762 aliquis
414 2687 552 2747 leniorem
581 2688 769 2758 sententiam,
796 2693 829 2747 ut
854 2687 947 2764 primo
969 2687 1008 2747 M.
1028 2687 1193 2765 Marcellus,
1215 2687 1255 2747 in·

174 2805 288 2863 gressus
316 2790 347 2847 in
377 2807 441 2848 eam
471 2791 645 2867 orationem,
678 2808 737 2850 non
765 2796 898 2866 oportere
927 2795 995 2850 ante
1025 2789 1061 2849 de
1093 2807 1129 2850 ea
1159 2808 1191 2850 re
1218 2791 1256 2850 ad

171 2894 304 2949 senatum
334 2888 451 2971 referri,
479 2909 567 2967 quam
596 2891 718 2952 dilectus
744 2897 806 2951 tota
826 2892 911 2951 Italia
939 2891 1032 2952 habiti
1058 2897 1087 2952 et
1113 2893 1255 2952 exercitus

173 2992 326 3068 conscripti
341 2998 443 3066 essent,
466 3011 524 3068 quo
545 2993 692 3069 praesidio
713 2998 792 3054 tutus
813 2994 904 3054 libere
924 2999 1049 3065 senatus,
1071 3011 1147 3068 quae
1161 2995 1255 3070 vellet,

172 3090 324 3153 decernere
339 3094 474 3171 auderet3
498 3099 531 3153 ut
545 3095 583 3155 M.
600 3094 737 3172 Calidius,
759 3097 810 3170 qui
833 3097 975 3173 censebat,
997 3101 1030 3156 ut
1044 3097 1201 3172 Pompeius
1223 3099 1254 3155 in
1276 3106 1291 3154 3

172 3211 240 3254 suas
267 3193 430 3270 provinciae
459 3191 705 3272 proficisceretur,
733 3213 770 3254 ne
798 3212 857 3270 qua
882 3200 957 3254 esset
983 3213 1128 3255 armornm
1151 3215 1252 3257 causa:

172 3297 273 3356 timere
296 3296 448 3357 Gaesarem
477 3298 583 3373 ereptis
604 3298 642 3356 ab
665 3315 699 3356 eo
728 3297 841 3358 duabus
868 3297 1046 3373 legionibus,
1073 3316 1110 3357 ne
1131 3299 1168 3356 ad
1191 3300 1254 3359 eins

171 3398 332 3473 periculum
346 3416 493 3458 reservare
508 3403 537 3458 et
551 3401 674 3459 retinere
689 3416 738 3458 eas
753 3399 790 3458 ad
804 3401 905 3460 urbem
922 3398 1077 3475 Pompeius
1091 3399 1251 3478 videretur3

127 3522 131 3528 ·
171 3503 204 3558 ut
224 3500 264 3557 lli.
287 3496 398 3579 Rufus,
420 3502 471 3575 qni
495 3503 667 3560 sententiam
691 3500 796 3560 Calidii
822 3501 921 3578 paucis
948 3499 1008 3561 iere
1029 3501 1146 3561 mutatis
1167 3502 1254 3562 rebus
1274 3512 1290 3560 4

169 3599 357 3676 sequebatur.
402 3601 443 3658 Hi
472 3618 572 3660 omnes
605 3603 736 3662 convicio
764 3602 798 3661 L.
826 3603 942 3664 Lentuli
976 3603 1098 3663 consulis
1131 3606 1290 3680 correptia

171 3701 404 3778 exagitabantur.
448 3702 588 3762 Lentulus
615 3704 786 3762 sententiam
815 3704 916 3765 Oulidii
945 3707 1199 3781 pronuntiaturum
1221 3724 1252 3766 se

169 3805 291 3864 omnino
313 3805 442 3879 negavit
475 3804 626 3864 Marcellus
648 3807 815 3881 perterritus
837 3807 975 3866 conviciis
997 3824 1015 3865 a
1035 3825 1089 3866 sua
1109 3810 1253 3867 sententia

168 3904 308 3966 discessit.
338 3906 387 3966 Sic
401 3907 523 3966 vocibus
538 3907 671 3981 consulis,
692 3911 799 3966 terrore
820 3909 979 3984 praesentis
994 3911 1144 3977 exercitus.
1167 3910 1251 3970 minis
1272 3909 1289 3967 θ’
1341 3915 1344 3920 “

222 4008 303 4052 Caesar
317 4009 341 4051 Β.
355 4009 406 4055 civ·
421 4011 457 4054 ed.
474 4011 503 4054 Η.
517 4010 609 4066 Meusel.
1133 4009 1145 4057 l

750 4169 1050 4303 167375'
