2960 4500
222 261 264 320 68
589 259 642 315 DE
658 259 777 316 BELLO
796 259 909 316 OlVlLl

171 443 199 494 10
221 435 315 514 [Haec
327 453 383 510 quo
394 436 513 496 facilius
523 435 663 511 Pompeio
674 436 795 511 probari
806 442 933 512 possent,
950 453 1048 496 omnes
1063 453 1131 498 suas
1143 443 1303 496 terrestres

222 539 397 613 urbiumque
419 540 518 613 copias
542 535 750 614 dimissurum]

308 636 364 706 ll·
385 641 536 704 Vibullius
556 642 604 702 bis
619 641 761 716 expositis
777 635 948 722 [Corcyrae]
971 659 1030 702 non
1051 643 1148 702 minus
1169 658 1304 701 necessa·

222 743 300 806 rium
322 759 388 804 esse
401 743 585 809 existimavit
606 741 642 802 de
663 743 818 817 repentino
834 743 965 804 adventu
980 742 1116 803 Caesaris
1130 743 1303 818 Pompeium

223 846 289 904 fieri
313 846 476 920 certiorem,
499 845 545 907 uti
567 843 605 904 ad
626 845 656 904 id
672 845 825 905 consilium
843 862 949 920 capere
970 852 1076 922 posset,
1101 838 1194 928 [ante]
1218 859 1305 919 quam

224 949 260 1007 de
282 948 431 1008 mandatis
445 948 496 1022 agi
511 943 688 1024 [inciperetp
712 953 801 1022 atque
822 948 888 1008 ideo
908 950 1078 1009 continuato
1093 955 1179 1008 noete
1201 965 1235 1007 ac
1257 948 1305 1007 die

223 1051 333 1110 itinere
355 1055 444 1123 atque
466 1051 600 1111 omnibus
621 1050 694 1109 locis
715 1051 839 1110 mutatis
855 1051 892 1109 ad
908 1052 1091 1110 celeritatem
1112 1051 1252 1112 iumentis
1267 1051 1305 1110 ad

185 1160 199 1210 2
221 1152 393 1227 Pompeium
415 1153 574 1230 contendit,
596 1158 631 1212 nt
652 1153 755 1212 adesse
777 1151 931 1214 Caesarem
953 1155 1115 1214 nuntiaret
1148 1153 1306 1228 Pompeius

224 1262 290 1316 erat
312 1273 346 1315 00
367 1261 500 1330 tempore
521 1257 552 1315 in
567 1255 720 1315 Candavia
741 1255 858 1330 iterque
881 1274 917 1316 ex
934 1256 1106 1316 Macedonia
1127 1257 1159 1316 in
1179 1257 1306 1316 hiberna

223 1359 411 1434 Apolloniam
433 1357 691 1432 Dyrrachiumque
711 1359 845 1418 habebat
880 1358 937 1419 Sed
958 1377 992 1419 re
1013 1377 1091 1420 nova
1111 1360 1305 1434 perturbatus

224 1461 385 1521 maioribus
407 1460 565 1520 itineribus
586 1461 774 1534 Apolloniam
795 1467 899 1536 petere
920 1463 1024 1538 coepit,
1046 1479 1083 1521 ua
1105 1461 1215 1522 Caesar
1237 1478 1306 1520 orae

188 1568 203 1618 1
224 1564 392 1622 maritimae
407 1562 548 1622 civitates
560 1569 725 1649 occuparet
758 1563 802 1622 At
816 1565 868 1623 ille
883 1565 1024 1638 expositis
1039 1565 1184 1623 militibus
1206 1562 1305 1622 eodem

225 1666 274 1726 die
289 1664 410 1727 Oricum
430 1663 637 1739 proficiscitur.
670 1664 734 1736 Quo
757 1681 821 1724 eum
842 1667 982 1742 venisset,
1005 1667 1038 1726 L.
1054 1667 1232 1742 Torquatus,
1256 1666 1306 1739 qui

224 1769 307 1829 iussu
329 1767 451 1842 Pompei
473 1766 579 1842 oppido
606 1773 746 1842 praeerat
767 1769 1005 1843 praesidiumque
1030 1770 1074 1829 ibi
1093 1769 1306 1829 Parthinorum

225 1871 363 1946 habebat,
388 1874 510 1929 conatus
524 1870 619 1944 portis
635 1871 743 1930 clausis
758 1871 897 1946 oppidum
912 1873 1076 1948 defendere,
1099 1889 1164 1932 eum
1179 1871 1308 1931 Graecos

192 1977 207 2025 4
231 1985 347 2030 murum
374 1968 532 2028 ascendere
560 1974 649 2042 atque
676 1986 759 2028 arma
787 1986 893 2045 capere
921 1971 1051 2046 iuberet,
1080 1971 1126 2029 illi
1155 1976 1254 2028 eutem
1276 1987 1308 2028 se

229 2078 335 2132 contra
348 2071 503 2146 imperium
524 2071 627 2145 populi
641 2071 767 2131 Romani
788 2078 974 2147 pugnaturos
993 2079 1146 2149 negarent,
1169 2071 1308 2147 oppidani

229 2178 329 2232 autem
344 2173 434 2230 etiam
449 2189 503 2231 sua
518 2178 622 2246 sponte
634 2172 789 2233 Caesarem
800 2175 932 2248 recipere
943 2181 1128 2250 conarentur,
1145 2174 1309 2248 desperatis

228 2275 362 2335 omnibus
391 2274 511 2334 auxiliis
539 2280 642 2347 portas
664 2276 783 2349 aperuit
804 2282 836 2334 et
857 2291 889 2335 sc
911 2281 999 2349 atque
1028 2276 1165 2350 oppidum
1188 2275 1309 2335 Caesari

229 2377 344 2436 dedidit
365 2375 577 2448 incolumisque
600 2377 637 2434 ab
660 2393 694 2435 00
716 2383 909 2436 conservatus
931 2383 984 2436 est.

316 2472 371 2544 12.
393 2479 523 2554 Recepto
546 2477 656 2539 Caesar
675 2479 761 2539 Orico
783 2480 867 2540 uulla
888 2481 1066 2556 interposita
1087 2480 1309 2555 1101οΑ00110-

228 2583 308 2642 niam
331 2582 537 2657 proficiscitur.
581 2581 655 2642 Eius
677 2583 807 2643 adventu
829 2583 931 2644 audito
953 2583 986 2644 L.
1009 2581 1181 2673 Staberius,
1195 2584 1244 2656 qui
1266 2584 1308 2642 ibi

230 2691 382 2761 praeerat,
413 2701 519 2758 aquam
540 2690 724 2759 comportare
749 2686 781 2743 in
803 2702 900 2744 arcem
923 2692 1012 2760 atque
1038 2703 1102 2745 eam
1124 2687 1238 2744 munire
1261 2686 1309 2743 ob·

196 2794 210 2844 1
234 2789 369 2861 ridesque
391 2788 428 2846 ab
443 2786 683 2860 Apolloniatibus
698 2787 818 2858 exigere
833 2787 936 2860 coepit.
969 2787 1020 2844 llli
1042 2803 1113 2845 vero
1136 2787 1257 2844 daturos
1279 2803 1310 2843 se

230 2905 342 2962 negare
364 2903 458 2960 neque
485 2892 588 2961 portas
610 2887 722 2945 consuli
743 2887 950 2961 praeclusuros
976 2903 1069 2960 neque
1091 2887 1148 2946 sibi
1169 2886 1310 2945 iudicium

231 2995 400 3065 sumpturos
431 2994 535 3048 contra
567 2994 657 3062 atque
693 2990 786 3048 omnis
821 2989 913 3048 Italia
947 2990 1130 3064 populusque
1161 2989 1312 3049 Romanus

194 3098 209 3147 3
232 3092 432 3152 iudicavisset.
465 3091 595 3163 Quorum
610 3093 730 3166 cognita
744 3093 900 3153 uoluntate
915 3077 1140 3167 clam'proiugit
1153 3093 1312 3167 Apollonia

234 3195 396 3255 Staberius.
419 3194 470 3254 Illi
485 3194 522 3253 ad
538 3193 693 3255 Caesarem
707 3195 823 3270 legatos
838 3197 962 3255 mittunt
977 3195 1140 3270 oppidoque
1155 3196 1310 3270 recipiunt.

121 3376 124 3382 Ι
195 3304 210 3353 4
231 3298 294 3358 Hos
316 3304 481 3372 sequuntur
508 3297 695 3372 Byllidenses
721 3304 752 3357 et
773 3299 928 3358 Amantini
956 3303 987 3357 01
1008 3298 1140 3371 reliquae
1168 3297 1310 3376 finitimae

233 3401 372 3461 civitates
400 3405 522 3473 totaque
543 3399 653 3474 Epirus
685 3405 716 3458 et
736 3400 846 3473 legatis
869 3400 907 3458 ad
929 3398 1084 3460 Caesarem
1111 3399 1209 3460 missis
1238 3415 1312 3473 quaa

232 3503 395 3576 imperaret
416 3501 548 3560 facturos
570 3518 602 3559 se
623 3501 808 3575 pollicentur.

320 3595 377 3665 13.
399 3603 442 3662 At
470 3602 627 3677 Pompeius
655 3604 782 3678 cognitis
808 3605 855 3662 his
883 3606 983 3680 rebus,
1014 3621 1088 3678 quae
1117 3611 1204 3664 erant
1231 3604 1312 3664 Orici

235 3711 325 3778 atque
339 3705 514 3779 Apolloniae
534 3711 644 3781 gestae,
659 3705 827 3780 Dyrrachio
848 3707 956 3767 timens
972 3707 1086 3766 diurnis
1100 3724 1133 3766 οο
1149 3706 1314 3766 nocturnis-

202 3814 216 3864 2
240 3824 295 3882 que
310 3808 468 3868 itineribus
482 3808 641 3868 contendit.
670 3808 763 3870 Simul
778 3808 888 3869 Caesar
903 3810 1139 3884 adpropinquare
1153 3809 1315 3884 dicebatur,

238 3916 398 3984 tantusque
419 3916 518 3970 terror
539 3910 644 3970 incidit
666 3913 729 3970 eius
745 3913 895 3988 exercitui,
920 3913 995 3985 quod
1016 3929 1178 3986 properans
1200 3917 1315 3970 noctem
