2964 4506
227 240 245 296 2
594 242 643 296 DE
662 243 780 298 BELLO
799 243 912 297 civim

225 418 383 476 amicorum
406 405 525 494 Pompei
550 418 682 494 plerique
709 419 850 495 compulsi
875 419 960 479 inviti
985 424 1017 478 et
1044 419 1133 479 coacti
1162 419 1305 496 Scipionis

223 521 394 579 sententiam
424 525 597 595 sequuntur:
627 501 671 580 uti
693 526 760 581 ante
782 527 888 582 certam
917 521 994 581 diem
1018 520 1124 582 Caesar
1146 523 1302 582 exercitum

179 630 192 677 'l
217 619 355 698 dimittat3
387 621 491 682 sinon
513 619 615 700 faciat,
645 641 711 682 eum
734 624 871 683 adversus
893 641 953 682 rem
982 624 1129 699 publicam
1158 623 1302 684 facturum

171 730 186 780 8
208 723 240 785 vi
250 723 319 783 deri.
340 724 495 784 Intercedit
509 725 548 785 M.
564 726 715 803 Antonius,
731 725 766 799 Q..
782 726 906 804 Cassius,
922 726 1029 786 tribuni
1043 726 1143 803 plebis.
1169 725 1303 786 Refertur

222 825 372 889 confestim
384 827 420 887 de
431 829 635 887 intercessione
645 828 835 887 tribunorum.
857 829 1002 888 Dicuntur
1015 829 1173 889 sententiae
1184 846 1301 904 graves3

220 935 253 990 ut
276 929 398 1005 quisque
413 930 594 990 acerbissime
609 929 859 1008 crudelissimeque
880 930 960 1008 dixit,
981 930 1022 990 ita
1043 922 1154 1013 [quam]
1176 930 1303 989 maxime

220 1031 257 1091 ab
281 1030 400 1116 inimicis
423 1030 553 1091 Caesaris
576 1032 772 1092 conlaudatur.

305 1127 338 1196 3.
360 1135 449 1193 Misso
464 1133 502 1192 ad
517 1151 669 1208 vesperum
691 1139 792 1194 senatu
808 1152 916 1212 omnes,
938 1134 1077 1209 quisunt
1098 1134 1161 1194 eius
1184 1132 1300 1209 ordinis,

219 1253 238 1294 a
266 1236 406 1312 Pompeio
437 1240 601 1295 evocantur.
644 1236 758 1296 Laudat
791 1237 947 1313 Pompeius
976 1240 1125 1312 promptos
1156 1239 1244 1310 atque
1270 1234 1301 1292 in

181 1345 195 1394 2
217 1343 364 1413 posterum
380 1336 541 1414 confirmat,
556 1338 701 1413 segniores
713 1341 836 1415 castigat
850 1343 938 1414 atque
948 1338 1055 1398 incitat.
1077 1337 1162 1396 Multi
1173 1336 1300 1411 undique

218 1457 254 1500 ex
276 1439 421 1500 veteribus
436 1441 556 1516 Pompei
577 1441 748 1500 exercitibus
768 1458 819 1517 spe
840 1441 1032 1517 praemiorum
1056 1445 1143 1515 atque
1165 1439 1299 1499 ordinum

216 1546 387 1616 evocantur,
416 1543 500 1601 multi
528 1560 564 1601 ex
595 1542 708 1602 duabus
738 1543 917 1619 legionibus,
946 1559 1021 1617 quae
1049 1545 1117 1600 sunt
1138 1540 1300 1600 traditaea

178 1652 193 1701 3
216 1642 346 1719 ansare,
360 1650 551 1705 arcessuntur.
575 1643 742 1721 Oompletur
756 1646 826 1705 urbs
840 1645 990 1720 militibus,
1006 1642 1153 1704 comitium
1168 1641 1299 1715 tribunis,

177 1755 191 1804 4
214 1747 438 1824 centurionibus,
453 1746 586 1806 evocatis.
616 1746 725 1808 Omnes
740 1747 824 1807 amici
839 1747 998 1823 consulum,
1012 1744 1164 1806 necessarii
1178 1743 1298 1816 Pompei

214 1851 302 1922 atque
315 1849 347 1925 ii,
362 1849 412 1924 qui
425 1853 536 1908 veteres
550 1849 713 1908 inimicitias
729 1867 793 1908 curn
810 1849 932 1909 Caesare
950 1849 1097 1924 gerebant,
1119 1849 1150 1906 in
1165 1851 1297 1906 senatum

178 1955 372 2031 ecoguntur3
403 1969 526 2026 quorum
560 1951 680 2011 vocibus
714 1955 743 2012 et
774 1969 914 2012 concursu
942 1955 1085 2010 terrentur
1116 1949 1298 2028 infirmiores,

215 2051 299 2111 dubii
329 2052 555 2131 confirmantur,
583 2053 727 2128 plerisque
755 2071 824 2114 vero
855 2054 945 2114 libero
971 2051 1142 2113 decernendi
1168 2054 1297 2128 potestas

178 2153 347 2230 deripitur.
389 2156 545 2216 Pollicetur
570 2156 604 2214 L.
632 2157 699 2214 Piso
728 2174 828 2216 censor
856 2174 919 2216 sese
947 2156 1054 2215 iturum
1084 2155 1122 2214 ad
1144 2154 1294 2214 Gaesarem

215 2255 284 2314 item
306 2256 339 2316 L.
362 2256 481 2317 Roscius
509 2261 639 2334 praetor,
669 2259 720 2332 qui
748 2257 784 2317 de
812 2256 855 2316 his
884 2257 971 2316 rebus
999 2274 1065 2316 eum
1087 2255 1225 2330 doceant,
1248 2269 1299 2312 sex

179 2371 192 2418 τ
216 2357 278 2418 dies
300 2358 336 2417 ad
359 2376 422 2418 eam
444 2378 504 2420 rem
528 2358 735 2419 conficiendam
757 2359 843 2435 spatii
865 2360 1020 2436 postulant.
1048 2358 1192 2417 Dicuntur
1213 2356 1299 2416 etiam

217 2459 254 2519 ab
277 2479 336 2520 non
359 2461 444 2521 nullis
465 2462 639 2539 sententiae,
666 2467 699 2522 ut
720 2461 808 2538 legati
830 2461 868 2520 ad
890 2461 1041 2521 Gaesarem
1063 2461 1228 2537 mittantur,
1251 2457 1301 2534 qui

184 2608 185 2612 ,
217 2563 398 2623 voluntatem
420 2569 537 2624 senatus
559 2565 584 2624 ei
606 2569 778 2641 proponant.

203 2639 236 2719 fi,
304 2661 337 2725 4.
362 2665 504 2727 Omnibus
525 2665 570 2725 his
590 2666 731 2725 resistitur
753 2665 945 2740 omnibusque
966 2667 1059 2724 oratio
1082 2663 1220 2739 consulis,
1243 2661 1301 2722 Sci-

183 2780 196 2830 2
220 2768 326 2843 pionis,
350 2765 467 2826 Catonis
489 2769 654 2843 opponitur.
685 2766 824 2826 Catonern
846 2771 957 2826 veteres
979 2766 1150 2826 inimicitiae
1171 2764 1302 2825 Caesaris

219 2872 343 2931 incitant
364 2873 393 2928 et
414 2867 497 2927 dolor
517 2868 657 2944 repulsae.
690 2868 830 2929 Lentulus
852 2867 925 2928 aeris
947 2867 1032 2927 alieni
1054 2866 1251 2943 magnitudine
1274 2870 1303 2925 et

219 2989 271 3046 spe
293 2969 433 3030 exercitus
455 2987 490 3029 ac
510 2969 722 3044 provinciarum
744 2973 773 3030 et
794 2988 895 3046 regum
918 2969 1155 3046 appellandorum
1176 2968 1302 3044 largitio·

222 3072 309 3132 nibus
330 3076 464 3130 movetur
491 3089 579 3147 seque
606 3072 727 3132 alterum
750 3070 813 3132 fore
836 3072 944 3132 Sullam
966 3074 1042 3132 inter
1066 3090 1134 3132 suos
1157 3073 1303 3148 gloriatur,

184 3186 198 3235 3
220 3175 258 3234 ad
280 3192 367 3249 quem
389 3191 503 3233 summa
524 3174 637 3250 imperii
659 3174 766 3234 redeat.
797 3174 962 3251 Scipionem
978 3173 1078 3233 eadem
1099 3191 1166 3248 spes
1188 3176 1303 3250 provin·

222 3279 284 3338 ciae
306 3281 394 3352 atque
415 3278 593 3337 exercituum
615 3277 746 3353 impellit,
769 3294 841 3351 quos
863 3293 894 3335 se
915 3293 968 3348 pro
983 3275 1192 3334 necessitudine
1213 3278 1304 3348 parti·

222 3387 320 3444 turum
342 3398 407 3440 cum
430 3378 568 3452 Pompeio
590 3378 759 3454 arbitratur,
787 3379 874 3437 simul
901 3377 1075 3438 iudiciorum
1100 3382 1195 3438 metus
1217 3383 1304 3453 atque

224 3483 378 3544 ostentatio
400 3481 444 3540 sui
460 3487 489 3540 et
503 3476 631 3540 adulatio
645 3481 817 3556 potentium,
840 3481 891 3556 qui
906 3482 937 3539 in
952 3497 984 3540 re
1001 3479 1117 3556 publica
1130 3480 1305 3556 iudiciisque

187 3594 203 3644 4
224 3593 286 3646 tum
308 3584 466 3660 plurimum
488 3583 645 3660 pollebant.
689 3584 757 3659 Ipse
777 3583 948 3660 Pompeius,
971 3581 1008 3641 ab
1029 3583 1154 3642 inimicis
1177 3581 1305 3642 Caesaris

223 3686 357 3746 incitatus
386 3689 414 3745 et
444 3685 523 3760 quod
544 3684 688 3744 neminem
716 3684 857 3761 dignitate
885 3702 981 3744 secum
1005 3683 1159 3758 exaequari
1180 3681 1305 3760 volebat,

225 3791 318 3848 totum
341 3805 372 3847 se
393 3788 431 3847 ab
453 3787 514 3847 eius
529 3787 652 3846 amicitia
668 3792 810 3847 averterat
832 3791 860 3846 et
883 3804 947 3846 curn
964 3785 1163 3845 communibus
1184 3785 1306 3845 inimicis

225 3889 255 3947 in
279 3891 401 3964 gratiam
416 3889 547 3967 redierat,
569 3907 693 3965 quorum
707 3891 771 3962 ipse
785 3890 942 3948 maximam
958 3891 1069 3963 partem
1084 3886 1132 3945 illo
1148 3885 1307 3948 adfinitatis
