2960 4500
624 284 660 338 ΙΙ.
679 289 788 339 39-43.
1208 285 1246 342 61

167 469 213 521 tes
243 463 382 537 prosequi
411 478 505 535 neque
533 461 733 521 vehementius
756 476 844 534 equos
866 461 993 518 incitare
1019 466 1166 534 poterant.
1209 460 1250 522 At
1272 471 1286 520 5

167 562 315 633 equitatus
337 561 465 619 hostium
495 562 532 618 ab
555 564 678 633 utroque
701 576 791 618 cornu
820 559 976 618 circumire
1003 560 1095 618 aciem
1117 564 1248 618 nostram

167 670 199 722 et
210 680 331 722 aversos
340 669 493 738 proterere
505 663 619 736 incipit.
635 661 707 722 Cum
719 663 851 720 cohortes
864 679 900 720 ex
912 662 974 720 acie
985 662 1247 738 procucurrissent,
1270 675 1285 724 6

165 766 311 825 Numidae
333 766 443 839 integri
466 766 618 826 celeritate
632 767 772 840 impetum
786 771 954 823 nostrorum
970 764 1160 840 effugiebant,
1182 781 1247 822 rur·

167 884 273 941 susque
296 869 334 926 ad
357 869 474 927 ordines
495 884 563 926 suos
590 885 621 926 se
650 868 826 941 recipientes
853 867 1048 925 circumibant
1073 873 1104 925 et
1125 868 1162 924 ab
1185 867 1248 924 acie

167 971 368 1032 excludebant.
399 969 448 1029 Sic
462 986 556 1044 neque
571 971 602 1028 in
616 971 679 1028 loco
694 987 813 1029 manere
829 969 1003 1042 ordinesque
1018 985 1139 1029 servare
1154 984 1247 1042 neque

166 1074 342 1145 procurrere
365 1078 396 1130 et
418 1088 516 1131 casum
539 1073 638 1130 subire
659 1075 755 1130 tntum
781 1072 944 1131 videbatur.
988 1070 1126 1129 Hostium
1148 1071 1248 1144 copiae
1269 1083 1282 1131 τ

169 1175 320 1234 submissis
349 1177 385 1233 ab
416 1191 487 1248 rege
517 1175 637 1234 auxiliis
665 1175 767 1232 crebro
797 1175 993 1247 augebantur;
1022 1179 1138 1232 nostros
1166 1174 1246 1232 vires

165 1277 341 1334 lassitudine
363 1276 547 1351 deficiebant,
571 1276 659 1334 simul
680 1277 710 1350 ii,
734 1276 784 1348 qui
805 1275 930 1334 vulnera
945 1280 1130 1350 acceperant,
1152 1291 1246 1347 neque

166 1378 228 1435 acie
251 1378 391 1436 excedere
406 1393 499 1450 neque
520 1378 660 1436 inlocum
676 1381 771 1436 tutum
793 1378 900 1436 reterri
915 1382 1062 1452 poterant,
1086 1377 1162 1449 quod
1183 1381 1246 1435 tota

166 1479 244 1537 acies
267 1480 402 1552 equitatu
426 1479 553 1538 hostium
570 1479 750 1538 circumdata
764 1481 928 1538 tenebatur.
961 1478 1003 1537 Hi
1024 1479 1059 1537 de
1082 1495 1136 1537 sna
1150 1479 1246 1537 salute
1268 1490 1282 1540 8
1361 1521 1363 1525 -

166 1581 369 1658 desperantes,
399 1587 433 1640 ut
460 1586 600 1660 extremo,
617 1582 698 1641 vitae
727 1588 858 1656 tempore
890 1581 1022 1640 homines
1053 1582 1153 1640 iacere
1179 1598 1245 1640 con-

166 1688 302 1759 suerunt,
331 1690 384 1742 aut
412 1701 495 1743 suam
523 1691 647 1743 mortem
680 1685 899 1742 miserabantur
930 1689 983 1752 aut
1008 1688 1145 1756 parentes
1179 1701 1245 1742 suos

167 1787 415 1860 commendabant,
439 1786 553 1858 siquos
569 1804 605 1845 ex
621 1803 654 1844 eo
669 1787 800 1860 periculo
815 1787 938 1844 fortuna
958 1774 1079 1844 seruare
1093 1786 1244 1859 potuisset.

165 1884 258 1944 Plena
280 1891 368 1944 erant
389 1886 486 1944 omnia
508 1887 624 1944 timoris
647 1893 677 1944 et
698 1887 802 1946 luctus.

252 1981 304 2050 42.
328 1986 430 2062 Curio,
465 1988 515 2046 ubi
543 1989 712 2060 perterritis
740 1989 873 2047 omnibus
903 2004 997 2061 neque
1030 1988 1245 2047 cohortationes

166 2106 234 2148 suas
256 2105 350 2162 neque
372 2106 474 2163 preces
490 2090 587 2148 audiri
609 2090 769 2165 intellegit,
792 2106 888 2164 unam,
911 2093 944 2148 ut
964 2091 996 2148 in
1018 2091 1134 2148 miseris
1147 2092 1243 2166 rebus,

165 2208 246 2264 spem
268 2191 412 2264 reliquam
439 2191 545 2250 salutis
567 2208 631 2250 esse
659 2193 824 2250 arbitratus
852 2192 1001 2266 proximos
1029 2193 1117 2250 colles
1139 2209 1243 2267 capere

164 2293 318 2352 universos
341 2298 429 2366 atque
453 2309 487 2351 eo
508 2293 595 2367 signa
617 2295 691 2352 terri
706 2295 796 2352 iubet.
829 2293 892 2352 Hos
915 2310 1027 2367 quoque
1048 2301 1243 2368 praeoccupat

161 2397 266 2454 missus
289 2412 307 2453 a
329 2394 462 2454 Saburra
483 2396 638 2468 equitatus.
683 2395 759 2454 Tum
781 2412 852 2454 vero
875 2395 913 2453 ad
942 2412 1082 2454 summam
1105 2397 1240 2470 despera·
1263 2406 1277 2456 2

161 2498 268 2556 tionem
291 2497 386 2555 nostri
407 2498 586 2570 perveniunt
601 2501 630 2556 et
650 2497 758 2570 partim
780 2497 928 2571 fugientes
943 2499 980 2556 ab
997 2499 1127 2572 equitatu
1149 2500 1241 2558 inter-

161 2599 308 2684 liciuntur,
330 2599 440 2672 partim
461 2599 573 2671 integri
595 2600 798 2672 procumbunt.
842 2598 989 2659 Hortatur
1011 2599 1166 2660 Curionem
1188 2600 1241 2661 Gn.
1264 2612 1279 2660 3

161 2700 324 2775 Domitius,
350 2700 519 2776 praefectus
547 2701 691 2776 equitnm,
721 2717 785 2759 cunr
814 2703 916 2775 paucis
945 2703 1091 2775 equitibus
1118 2705 1241 2762 circnm-

161 2804 276 2878 sistens,
300 2807 334 2862 ut
354 2802 428 2875 fuga
443 2802 566 2861 salntem
588 2807 671 2877 petat
693 2806 780 2876 atque
802 2803 833 2861 in
852 2811 951 2863 castra
966 2805 1133 2881 contendat,
1156 2810 1239 2864 etse

163 2907 199 2964 ab
222 2921 255 2963 eo
270 2921 328 2963 non
343 2904 539 2964 discessurum
552 2905 718 2979 pollicetur.
748 2905 790 2964 At
803 2904 892 2965 Curio
907 2923 1065 2980 numquam
1088 2925 1119 2966 se
1134 2909 1240 2967 amisso
1262 2917 1277 2966 4

162 3007 309 3081 exercitu,
339 3022 424 3080 quem
447 3023 465 3064 a
487 3005 612 3066 Caesare
635 3023 705 3066 suae
727 3007 796 3066 fidei
818 3010 1000 3068 commissum
1029 3011 1185 3086 acceperit,
1208 3011 1240 3068 in

163 3110 226 3167 eius
240 3112 426 3181 conspectum
440 3124 629 3167 reversurum
644 3109 798 3167 confirmat
813 3113 900 3182 atque
918 3111 963 3169 ita
983 3111 1133 3184 proelians
1147 3113 1239 3171 inter·

162 3210 270 3268 ficitur.
306 3208 431 3283 Equites
454 3225 490 3268 ex
511 3209 623 3283 proelio
644 3211 786 3284 perpauci
808 3227 839 3268 se
861 3212 1021 3285 recipiunt;
1044 3213 1095 3270 sed
1116 3215 1147 3287 ii,
1171 3229 1242 3286 quos
1264 3223 1277 3270 s

163 3313 200 3371 ad
221 3312 411 3371 novissimum
434 3328 539 3385 agmen
561 3329 701 3385 equorum
718 3313 939 3371 reficiendorum
963 3330 1052 3372 causa
1074 3315 1241 3373 substitisse

163 3415 393 3472 demonstratum
423 3417 479 3488 est,
508 3413 582 3486 iuga
610 3414 699 3472 totius
728 3415 876 3473 exercitus
903 3415 1006 3488 procul
1035 3415 1241 3475 animadversa

161 3531 226 3573 sese
253 3514 411 3572 incolumes
439 3515 471 3573 in
500 3519 597 3574 castra
626 3517 787 3575 conterunt.
830 3515 940 3576 Milites
967 3516 1004 3576 ad
1030 3534 1120 3576 unum
1142 3535 1240 3577 omnes

163 3616 389 3675 interficiuntur.

247 3712 304 3782 48.
326 3717 383 3776 His
405 3718 493 3776 rebus
515 3719 642 3792 cognitis
657 3719 786 3778 Marcius
800 3719 897 3778 Rufus
920 3727 1059 3794 quaestor
1080 3723 1111 3779 in
1134 3724 1240 3780 castris

163 3821 282 3880 relictus
298 3837 316 3878 a
331 3818 458 3879 Curione
473 3821 643 3879 cohortatur
658 3837 732 3896 suos,
748 3837 785 3879 ne
800 3822 896 3880 animo
912 3822 1058 3881 deficiant.
1087 3821 1138 3880 Illi
1152 3828 1240 3882 orant

164 3928 252 3996 atque
274 3924 434 3998 obsecrant,
458 3928 492 3980 nt
514 3923 543 3981 in
560 3922 690 3982 Siciliam
705 3923 830 3982 navibus
853 3929 1046 3997 reportentur.
1076 3923 1241 3982 Pollioetur
