2964 4506
255 262 295 318 98
620 265 669 318 DE
686 263 804 320 BELLO
824 265 938 322 CIVILI

216 448 230 497 4
252 439 353 499 itinere
374 443 565 499 antecesserat
591 439 704 500 Cacsar.
748 438 805 498 Sed
827 457 892 500 cum
914 447 1032 501 ventum
1064 449 1138 504 esset
1159 446 1197 506 ed
1218 444 1330 506 flumen

255 539 418 616 Genusum,
445 539 524 615 quod
551 540 619 614 ripis
641 544 703 600 crat
729 539 889 618 impeditis,
917 548 1086 602 consecutus
1113 545 1258 620 equitatus
1279 565 1330 608 no-

217 641 385 708 svissimos
406 642 517 717 proelio
540 642 695 701 detinebat
739 641 816 701 Huic
841 660 909 702 suos
931 642 1037 704 Caesar
1062 647 1172 720 equites
1194 649 1330 724 opposuit

251 743 458 818 expeditosque
469 743 674 818 antesignanos
685 742 837 802 admiscuit
848 761 933 821 oooo;
951 745 1001 819 qui
1012 749 1124 806 tantum
1135 747 1329 824 proiecerunt,

249 850 283 905 nt
305 845 430 920 equestri
450 845 559 922 proelio
576 844 726 905 commisso
741 846 881 921 pellerent
896 863 995 906 omnes
1010 850 1229 926 compluresque
1243 851 1328 911 iuter-

250 945 371 1008 iicerent
391 948 507 1024 ipsique
527 948 684 1008 incolumes
706 965 738 1006 se
759 946 797 1006 ad
819 965 924 1024 agmen
947 949 1113 1025 reciperent.

335 1043 388 1112 76.
413 1048 551 1111 Goniecto
565 1050 640 1110 insto
654 1049 756 1110 itinere
771 1051 832 1109 eius
846 1049 902 1110 diei
918 1048 1010 1127 [quod
1030 1047 1231 1136 proposuerat]
1256 1054 1326 1115 Cae

251 1168 299 1211 scr
319 1151 509 1227 traductoque
530 1151 657 1212 exercitu
678 1150 790 1210 flumen
811 1151 960 1212 Genusum
983 1153 1129 1214 veteribus
1149 1155 1209 1214 suis
1229 1157 1261 1214 in
1283 1174 1328 1216 aa

249 1253 314 1312 stris
336 1257 436 1313 contra
450 1253 643 1330 Asparagium
666 1252 796 1313 consedit
816 1252 977 1329 militesque
999 1273 1099 1315 ornnes
1120 1255 1196 1316 intra
1216 1258 1327 1317 vallum

249 1360 407 1414 castrorum
434 1355 575 1415 continuit
603 1354 821 1430 equitatumque
847 1372 900 1432 per
926 1373 1042 1415 causam
1063 1357 1222 1433 pabulandi
1244 1361 1327 1420 emis

126 1507 134 1518 .
210 1473 311 1522 esum
334 1455 483 1516 confestim
506 1457 666 1517 decumana
687 1462 772 1531 porta
792 1457 822 1515 in
844 1461 938 1518 castra
958 1475 990 1517 se
1010 1457 1136 1535 recipere
1156 1459 1249 1521 iussit.
1282 1462 1326 1522 si-

249 1560 311 1619 mili
326 1561 439 1620 ratione
452 1560 607 1637 Pompeius
622 1557 753 1621 coniecto
768 1559 829 1618 eius
850 1559 907 1619 diei
927 1559 1030 1620 itinere
1047 1559 1077 1619 in
1098 1562 1159 1620 suis
1181 1563 1326 1624 veteribus

249 1663 348 1722 castris
370 1663 408 1722 ad
422 1662 614 1739 Asparagium
629 1660 766 1721 consedit
795 1660 865 1720 Eius
880 1661 994 1730 milites,
1016 1663 1096 1737 quod
1116 1664 1153 1723 ab
1176 1681 1264 1741 opere
1283 1666 1326 1725 in·

248 1764 335 1840 tegris
357 1765 568 1825 munitionibus
590 1764 748 1840 vacabant,
777 1763 827 1822 alii
848 1763 979 1840 lignandi
999 1765 1215 1841 pabulandique
1238 1785 1326 1829 causa

247 1867 364 1942 longius
385 1866 653 1944 progrediebantur,
676 1865 738 1939 alii,
759 1866 839 1941 quod
853 1866 951 1926 subito
965 1867 1117 1926 consilium
1138 1866 1325 1944 profectionis

247 1973 395 2046 ceperant,
423 1987 531 2044 magna
558 1980 641 2045 parte
667 1968 940 2045 impedimentorum
967 1973 997 2029 et
1021 1967 1197 2029 sarcinarum
1219 1971 1326 2052 relicta,

247 2072 285 2131 ad
306 2071 378 2132 haec
399 2071 555 2148 repetenda
575 2069 690 2130 invitati
718 2069 934 2147 propinquitate
963 2072 1143 2146 superiorum
1166 2078 1324 2133 castrorum

208 2185 222 2235 3
247 2172 384 2249 depositis
405 2175 436 2231 in
459 2171 647 2232 contubernio
670 2173 757 2231 armis
779 2171 888 2231 vellum
909 2171 1120 2247 relinquebant.
1153 2172 1265 2247 Quibus
1286 2175 1325 2234 ad

245 2275 425 2351 sequendum
446 2275 608 2351 impeditis,
637 2274 716 2350 quod
738 2273 801 2333 fore
825 2273 1006 2350 providerat,
1035 2273 1141 2335 Caesar
1161 2277 1323 2338 meridiano

245 2376 306 2436 fere
328 2381 457 2454 tempore
478 2377 563 2452 signo
585 2373 773 2451 profectionis
802 2373 869 2434 dato
899 2376 1057 2436 exercitum
1080 2375 1177 2436 educit
1196 2377 1323 2455 duplica·

244 2483 333 2555 toque
355 2481 418 2539 eius
439 2478 495 2539 diei
516 2478 620 2538 itincre
638 2495 691 2536 vm
712 2478 794 2536 milia
814 2494 952 2553 passuum
976 2495 1011 2536 ex
1033 2495 1068 2538 eo
1089 2478 1153 2538 loco
1173 2479 1320 2558 procedit3

244 2581 322 2657 quod
344 2581 439 2642 facere
457 2581 615 2658 Pompeius
636 2579 761 2641 discessu
782 2579 908 2639 militum
930 2595 989 2639 non
1011 2580 1116 2656 potuit.

329 2677 384 2747 77.
407 2685 526 2744 Postero
553 2683 599 2744 die
627 2681 733 2743 ansar
759 2681 890 2742 similiter
920 2682 1085 2758 praemissis
1112 2684 1209 2758 prima
1235 2688 1320 2743 nocte

244 2785 457 2862 impedimentis
479 2786 516 2844 de
538 2788 641 2860 quarta
662 2783 761 2858 vigilia
781 2783 843 2857 ipse
864 2781 1024 2858 egreditur,
1050 2787 1097 2858 ut,
1118 2785 1144 2841 si
1165 2801 1225 2858 qua
1246 2790 1321 2845 esset

242 2887 378 2963 imposita
399 2885 553 2944 dimicandi
575 2885 737 2959 necessitas,
762 2882 890 2941 subitum
912 2899 1008 2942 casum
1032 2881 1168 2957 expedito
1189 2887 1319 2946 exercitu

204 3002 219 3052 2
241 2990 359 3049 subiret.
395 2988 461 3047 Hoc
474 2986 549 3046 idem
564 2984 680 3060 reliquis
700 2983 769 3044 iecit
783 2983 893 3043 diebus.
929 2982 1042 3057 Quibus
1056 2983 1142 3044 rebus
1156 2984 1317 3062 perlectum

241 3097 300 3168 est,
332 3095 365 3151 ut
403 3089 546 3150 altissimis
577 3087 748 3148 fluminibus
780 3090 868 3162 atque
905 3084 1133 3160 impeditissimis
1165 3089 1316 3149 itineribus

202 3194 350 3254 trullum
365 3191 506 3269 acciperet
518 3189 742 3251 incommodum.
776 3189 932 3265 Pompeius
954 3186 1030 3247 enim
1052 3188 1141 3264 primi
1162 3188 1220 3248 dici
1234 3207 1316 3250 mora

238 3297 330 3356 inlata
357 3300 386 3356 et
413 3295 589 3370 reliquorum
615 3291 726 3351 dierum
754 3289 862 3351 frustra
892 3291 992 3350 labore
1020 3295 1152 3367 suscepto
1185 3309 1249 3351 oum
1283 3310 1315 3352 se

239 3399 352 3476 magnis
384 3397 535 3457 itineribus
561 3392 728 3455 extenderet
754 3397 783 3453 et
809 3410 992 3469 praegressos
1018 3393 1155 3468 consequi
1186 3399 1313 3470 cuperet,

239 3507 342 3579 quarto
376 3500 423 3560 die
453 3497 544 3558 iinem
576 3495 717 3571 sequendi
748 3494 817 3555 iecit
847 3499 935 3570 atque
971 3494 1050 3554 aliud
1078 3494 1131 3554 sibi
1164 3495 1312 3556 consilium

239 3603 411 3682 capiendum
432 3600 619 3662 existimavit.

324 3699 380 3768 78.
404 3702 518 3764 Caesari
546 3702 583 3760 ad
609 3703 723 3761 saucios
750 3698 948 3774 deponendos,
974 3695 1148 3773 stipendium
1176 3696 1310 3756 exercitui

238 3808 374 3884 dandum,
395 3807 487 3868 socios
509 3802 729 3875 confirmandos,
753 3800 927 3880 praesidium
949 3799 1070 3859 urbibus
1091 3798 1310 3874 relinquendum

200 3919 215 3968 2
237 3929 351 3972 necesse
373 3915 434 3971 erat
456 3909 535 3968 adire
556 3905 748 3980 Apolloniam.
787 3903 843 3962 Sed
865 3901 908 3960 his
928 3901 1016 3960 rebus
1036 3904 1149 3959 tanturn
1172 3901 1310 3977 temporis

1457 2864 1467 2917 t
