2960 4500
230 261 271 320 46
608 261 657 316 DE
675 261 795 318 BELLO
815 263 929 319 OlVlLI

229 438 306 496 euim
329 454 384 511 per
404 438 525 496 litteras
541 437 688 497 Trebonio
710 455 888 514 magnopere
910 439 1110 516 mandaverat,
1133 456 1170 499 ne
1184 458 1239 514 per
1253 442 1313 500 vim

228 540 366 614 oppidum
389 541 555 615 expugnari
576 545 736 618 pateretur,
760 559 797 600 ne
816 543 939 616 gravius
953 543 1081 616 permoti
1094 543 1205 602 milites
1220 549 1251 602 et
1265 544 1313 602 11·

227 642 363 702 iectionis
385 643 450 702 odio
473 648 504 701 et
526 645 740 718 contemptione
761 646 807 704 sui
822 650 853 703 et
867 644 978 703 diutino
993 645 1095 703 labore
1111 662 1208 704 omnes
1223 647 1313 720 pube·

192 754 277 804 ares
299 745 518 819 interficerent;
549 745 625 819 quod
647 763 679 805 se
700 747 832 806 facturos
853 748 1051 822 minabantur,
1074 764 1221 821 aegreque
1242 755 1314 808 tunc

227 850 298 904 sunt
313 847 429 922 retenti,
445 848 516 920 quin
531 848 562 906 in
577 847 715 921 oppidum
730 849 941 924 inrumperent,
958 849 1150 922 graviterque
1167 865 1231 908 eam
1246 867 1308 908 rem

226 949 370 1024 tulerunt,
394 949 470 1023 quod
492 949 605 1009 stetisse
627 967 682 1022 per
704 949 890 1026 Trebonium,
914 967 970 1024 quo
992 950 1088 1009 minus
1111 950 1216 1024 oppido
1235 953 1312 1025 poti·

228 1056 343 1126 rentur,
365 1051 531 1110 videbatur.

311 1147 365 1217 14.
391 1153 433 1212 At
454 1155 552 1214 hostes
579 1155 642 1213 sine
663 1155 721 1213 fide
743 1160 859 1228 tempus
881 1161 970 1228 atque
992 1156 1171 1214 occasionem
1193 1156 1307 1215 fraudis

225 1271 260 1313 ac
275 1254 335 1315 doli
350 1261 497 1329 quaerunt
512 1257 734 1330 interiectisque
750 1257 865 1330 aliquot
883 1257 994 1333 diebus,
1017 1259 1128 1316 nostris
1142 1258 1311 1331 languenti·

225 1358 281 1416 bus
304 1363 393 1432 atque
416 1360 513 1417 auimo
534 1360 673 1432 remissis,
697 1360 794 1419 subito
814 1360 976 1418 meridiano
991 1365 1130 1435 tempore,
1153 1376 1218 1418 cum
1233 1361 1310 1419 alius

225 1460 416 1535 discessisset,
440 1461 516 1519 alius
539 1479 575 1519 ex
597 1461 711 1520 diutino
734 1462 836 1520 labore
858 1463 889 1520 11
910 1462 984 1534 ipsis
1006 1463 1143 1535 operibus
1166 1462 1257 1534 quieti
1279 1478 1310 1520 sc

224 1560 368 1636 dedisset,
395 1577 478 1620 arma
499 1578 570 1621 vero
592 1562 690 1621 omnia
711 1565 843 1636 reposita
864 1568 1055 1635 contectaque
1078 1568 1191 1638 essent,
1213 1563 1310 1636 portis

224 1679 256 1721 se
285 1663 366 1722 foras
395 1669 565 1738 erumpunt,
596 1665 722 1723 secundo
751 1681 914 1738 magnoque
937 1668 1023 1724 vento
1050 1665 1149 1738 ignem
1172 1665 1311 1738 operibus

188 1768 203 1818 2
224 1765 366 1825 inierunt.
396 1765 483 1824 Hunc
505 1767 548 1825 sic
570 1767 686 1826 distulit
699 1773 815 1842 ventus,
837 1767 883 1826 uti
897 1783 955 1825 uno
970 1772 1102 1840 tempore
1117 1783 1220 1842 agger,
1241 1769 1308 1841 plu·

226 1867 275 1942 tei,
298 1868 424 1944 testudo,
439 1870 542 1945 turris,
564 1875 714 1928 tormenta
728 1869 873 1928 flammam
889 1870 1077 1944 conciperent
1092 1875 1123 1927 et
1136 1870 1222 1943 prius
1237 1870 1311 1928 haec

224 1969 323 2028 omnia
338 1975 585 2047 consumerentur,
601 1989 695 2047 quam,
713 1989 797 2046 quem
813 1972 977 2030 admodum
994 1972 1155 2047 accidisset,
1179 1970 1310 2029 animad-

186 2073 303 2130 averti
334 2079 440 2147 posset.
484 2073 588 2134 Nostri
621 2075 778 2148 repentina
808 2075 930 2133 fortuna
954 2075 1082 2148 permoti
1111 2091 1206 2148 arma,
1235 2089 1310 2146 quaa

222 2179 361 2249 possunt,
391 2176 555 2250 arripiunt;
584 2177 637 2234 alii
660 2193 695 2234 ex
718 2177 825 2235 castris
847 2193 911 2234 sese
933 2177 1072 2235 incitant:
1100 2175 1188 2234 fitia
1210 2178 1310 2235 hostes

222 2275 362 2349 impetus;
393 2276 443 2334 sed
466 2276 501 2334 de
517 2293 600 2335 muro
622 2278 743 2349 sagittis
765 2279 977 2350 tormentisque
999 2278 1149 2349 fugientes
1170 2281 1308 2352 persequi

187 2378 426 2451 spronibencur.
470 2377 521 2436 Illi
554 2379 607 2436 sub
640 2394 756 2436 murum
790 2395 820 2436 se
848 2379 996 2452 recipiunt
1022 2379 1122 2452 ibique
1147 2381 1309 2439 musculum

225 2479 391 2553 turrimque
416 2479 583 2538 latericiam
611 2479 704 2539 libere
731 2480 898 2538 incendunt.
928 2479 977 2538 111
998 2481 1157 2539 multorum
1178 2497 1310 2540 mensum

225 2579 311 2639 labor
332 2581 460 2640 hostium
473 2581 600 2654 perfidia
614 2587 645 2640 et
659 2581 691 2640 vi
706 2581 891 2656 tempestatis
905 2587 1014 2654 puncto
1029 2582 1171 2655 temporis
1184 2582 1309 2642 interiit.

190 2681 464 2759 bTemptaverunt
497 2685 553 2744 hoc
584 2685 662 2743 idem
694 2685 893 2744 Massilienses
924 2691 1043 2758 postero
1076 2684 1131 2745 die.
1178 2685 1310 2744 Eandem

224 2787 306 2844 nacti
340 2789 544 2859 tempestatem
577 2787 687 2843 maiore
721 2802 785 2843 cum
819 2784 926 2843 fiducia
961 2786 998 2843 11
1034 2785 1160 2843 alteram
1196 2791 1310 2844 turrem

226 2901 424 2959 aggeremque
439 2887 594 2959 eruptione
608 2891 820 2958 pugnaverunt
829 2886 1012 2958 multumque
1024 2886 1123 2959 ignem
1134 2886 1309 2949 intulerunt

185 2993 200 3041 6
223 2986 281 3046 Sed
302 2992 337 3045 ut
358 2987 560 3060 superioribus
581 2987 762 3061 temporibus
785 2988 1000 3046 contentionem
1022 2989 1117 3046 nostri
1136 3005 1249 3047 omnem
1263 3006 1309 3048 re·

225 3091 376 3165 miserant,
399 3090 444 3148 ita
466 3090 593 3163 proximi
615 3090 674 3149 diei
696 3106 766 3148 casu
789 3090 931 3149 admoniti
946 3091 1043 3148 omnia
1059 3090 1095 3148 11
1112 3090 1309 3151 defensionem

223 3198 415 3268 paraverant.
459 3191 565 3266 Itaque
594 3193 696 3251 multis
726 3193 893 3252 interiectis
922 3193 1051 3266 reliquos
1080 3193 1192 3252 infecta
1219 3212 1252 3252 re
1277 3195 1309 3253 iu

228 3295 367 3369 oppidum
388 3296 590 3369 reppulerunt.

309 3391 363 3461 lb.
386 3397 550 3456 Trebonius
565 3413 607 3472 ea,
631 3414 705 3470 quae
726 3403 796 3455 sunt
811 3397 926 3472 amissa,
949 3398 1041 3455 multo
1057 3398 1167 3456 maiore
1182 3397 1309 3456 militum

226 3500 324 3558 studio
347 3499 556 3558 administrare
579 3504 610 3557 et
631 3499 753 3558 reficere
775 3499 915 3558 instituit.
950 3498 1027 3558 Nam
1049 3500 1100 3558 ubi
1122 3504 1220 3559 tantos
1242 3516 1310 3558 suos

224 3603 343 3661 labores
372 3605 401 3660 et
431 3606 594 3675 apparatus
622 3603 698 3660 male
730 3602 868 3661 cecidisse
890 3602 1029 3661 viderunt
1053 3602 1233 3675 indutiisque
1254 3618 1312 3674 per

226 3704 321 3761 scelus
343 3703 464 3762 violatis
486 3719 569 3760 suam
590 3704 731 3762 virtutem
754 3703 861 3762 inrisui
882 3703 947 3762 iore
967 3703 1193 3777 perdoluerunt,
1224 3702 1307 3774 quod,

226 3805 304 3865 unde
327 3823 421 3880 agger
443 3806 556 3864 omniuo
579 3807 756 3880 comportari
778 3812 885 3881 posset,
908 3807 982 3864 nihil
1005 3811 1071 3864 erat
1089 3806 1235 3877 reliquum
1249 3821 1309 3862 om·

223 3909 311 3967 nibus
334 3909 488 3968 arboribus
514 3909 602 3982 longe
624 3909 743 3982 lateque
771 3910 803 3967 in
824 3908 932 3967 finibus
953 3907 1181 3966 Massiliensium
1203 3907 1311 3966 excisis
