2960 4500
648 235 670 290 Ι.
691 239 799 290 15-19.
1250 237 1269 294 9

275 404 328 475 18.
352 411 470 472 Interim
487 411 602 471 Caesari
624 412 775 471 nuntiatur
797 411 1008 488 Sulmonenses,
1032 409 1110 486 quod
1132 409 1271 486 oppidum

190 531 209 572 a
232 512 359 574 Corfinio
382 532 424 572 vn
446 513 555 573 milium
582 513 732 574 interuallo
755 514 850 591 abest,
879 531 984 590 cupere
1005 511 1168 588 calfacere,
1196 530 1272 587 quae

189 617 283 694 vellet,
305 617 356 677 sed
371 634 390 675 a
404 616 440 691 Q.
454 617 587 678 Lucretio
603 623 735 677 senatore
754 622 783 676 et
796 617 875 676 Attio
890 617 1030 692 Paeligno
1044 615 1199 693 prohiberi,
1221 617 1271 691 qui

186 719 214 777 id
249 719 388 795 oppidum
421 737 464 777 vn
497 719 657 780 cohortium
690 719 831 796 praesidio
867 720 1013 779 tenebant.
1057 718 1143 778 Mittit
1173 736 1208 778 eo
1233 719 1308 780 M.2

189 821 348 882 Antonium
361 840 425 882 cum
438 821 558 898 legionis
569 840 631 884 x1n.
647 821 813 882 cohortibus
823 841 851 882 v.
866 822 1079 892 Sulmonenses,
1090 821 1272 896 simulatque

191 923 275 998 signa
296 928 395 984 nostra
415 924 564 1000 viderunt,
592 929 691 1000 portas
713 927 888 1000 aperuerunt
909 923 1106 999 universique,
1134 928 1163 983 et
1191 922 1271 998 oppi-

194 1025 263 1084 dani
285 1031 313 1086 et
334 1026 445 1103 milites,
468 1027 583 1086 obviam
607 1028 785 1103 gratulantes
799 1027 927 1086 Antonio
949 1026 1088 1086 exierunt.
1123 1025 1309 1084 Lucretiusa

187 1133 216 1186 et
241 1124 342 1188 Attius
364 1129 400 1188 dc
421 1147 505 1189 muro
527 1147 558 1189 se
580 1129 744 1189 deiecerunt
759 1175 765 1188 .
782 1173 789 1188 .
804 1173 831 1188 ..
853 1125 954 1188 Attius
976 1129 1013 1186 ad
1034 1125 1197 1188 Antonium
1223 1127 1270 1187 de

189 1230 292 1290 ductus
313 1231 393 1307 petit,
416 1237 449 1291 ut
470 1232 507 1290 ad
530 1231 681 1292 Gaesarem
703 1231 871 1291 mitteretur.
912 1227 1062 1290 Antonius
1083 1248 1149 1290 cum
1171 1228 1269 1289 cohor·

191 1333 270 1392 tibus
292 1333 420 1420 etAttio
443 1334 543 1393 eodem
567 1334 622 1411 die,
645 1352 703 1409 quo
724 1333 872 1410 profectus
887 1338 956 1411 erat,
978 1332 1138 1392 revertitur.
1166 1330 1308 1392 Caesari

189 1452 238 1494 eas
261 1434 392 1494 cohortes
415 1454 479 1495 cum
503 1436 629 1496 exercitu
655 1454 708 1496 suo
726 1436 882 1497 coniunxit
903 1432 1075 1511 Attiumque
1096 1434 1269 1494 incolumem

186 1536 301 1597 dimisit
347 1536 453 1598 Cacsar
474 1537 572 1614 primis
601 1537 705 1598 diebus
733 1543 826 1598 caetra
854 1539 969 1614 magnis
999 1537 1134 1614 operibus
1155 1537 1270 1596 munire

185 1648 214 1698 et
246 1657 282 1698 cx
310 1639 439 1700 finitimis
472 1641 633 1718 municipiis
662 1640 839 1700 frumentum
873 1645 1054 1717 comportare
1086 1639 1270 1716 reliquasque

186 1741 283 1817 copias
305 1746 472 1816 exspectare
493 1743 622 1803 instituit.
666 1744 710 1803 Eo
733 1743 827 1802 triduo
849 1743 925 1818 legio
952 1761 1015 1800 vn1.
1036 1742 1073 1800 ad
1096 1759 1162 1802 eum
1189 1743 1269 1801 venit
1290 1747 1305 1796 5

187 1843 377 1918 cohortesque
398 1861 435 1903 ex
456 1846 541 1904 novis
558 1842 673 1904 Galliae
695 1845 844 1905 dilectibus
865 1863 929 1904 xxn
950 1845 1118 1920 equitesque
1139 1845 1176 1904 ab
1200 1862 1269 1920 rege

188 1945 295 2006 Norico
318 1946 426 2006 circiter
448 1964 510 2006 ooo.
555 1946 685 2019 Quorum
711 1946 838 2006 adventu
865 1947 955 2006 altera
975 1951 1069 2006 castra
1090 1947 1127 2006 ad
1149 1948 1267 2006 alteram

186 2048 285 2125 oppidi
306 2053 418 2124 partem
447 2049 545 2124 ponit:
575 2048 619 2108 his
647 2049 746 2108 castris
774 2048 928 2108 Curionem
956 2047 1095 2124 praeficit.
1139 2048 1306 2124 Reliquisb

184 2149 288 2208 dicbus
310 2149 449 2225 oppidum
471 2149 547 2209 vallo
571 2149 752 2223 castellisque
774 2149 994 2209 circummunire
1008 2151 1143 2209 instituit
1179 2149 1267 2210 Cuius

184 2252 281 2326 operis
303 2250 431 2310 maxima
451 2256 534 2328 parte
556 2248 662 2311 effecta
685 2250 786 2310 eodem
808 2249 869 2310 fere
887 2257 1016 2327 tempore
1038 2252 1117 2311 missi
1132 2253 1169 2310 ad
1184 2253 1267 2312 Pom-

183 2355 282 2431 peium
304 2358 495 2414 revertuntur.

270 2450 324 2520 19.
347 2456 463 2516 Litteris
483 2457 616 2532 perlectis
637 2457 786 2517 Domitius
808 2456 990 2517 dissimulans
1011 2455 1041 2514 in
1064 2456 1182 2516 consilio
1203 2475 1267 2532 pro

185 2560 302 2618 nuntiat
323 2559 493 2634 Pompeium
521 2559 648 2619 celeriter
673 2559 802 2619 subsidio
824 2563 979 2618 venturum
1000 2558 1189 2633 hortaturque
1211 2576 1268 2636 eos,

184 2677 223 2720 ne
245 2661 342 2720 animo
366 2659 504 2721 deficiant
526 2679 659 2737 quaeque
681 2660 747 2720 usui
768 2662 805 2721 ad
828 2661 1040 2722 defendendum
1055 2662 1197 2737 oppidum
1211 2661 1269 2722 sint

184 2767 296 2838 parent
340 2763 407 2840 Ipse
428 2781 533 2824 arcano
556 2781 622 2823 cum
650 2763 750 2840 paucis
777 2762 968 2824 familiaribus
996 2764 1057 2822 suis
1087 2765 1305 2838 conloquitur2

187 2865 399 2940 consiliumque
420 2863 509 2942 fugae
526 2857 649 2948 [capere]
665 2867 821 2927 constituit.
865 2865 938 2926 (ium
953 2867 1050 2926 vultus
1066 2866 1188 2926 Domitii
1203 2885 1268 2926 cum

186 2970 318 3028 oratione
339 2985 398 3028 non
421 2969 595 3028 consentiret
622 2973 709 3044 atque
738 2970 837 3029 omnia
865 2968 1056 3044 trepidantius
1083 2968 1269 3045 timidiusque

186 3074 293 3145 ageret,
319 3086 407 3144 quam
436 3071 634 3145 superioribus
664 3070 767 3130 diebus
796 3075 968 3148 consuesset,
993 3071 1175 3146 multumque
1203 3089 1268 3131 cum

183 3173 247 3231 suis
269 3171 440 3232 consiliandi
462 3189 551 3230 causa
572 3175 680 3232 secreto
702 3177 815 3248 praeter
835 3172 1069 3232 consuetudinem
1085 3174 1269 3249 conloquere-

186 3278 241 3342 tur,
263 3273 383 3334 concilia
405 3279 622 3348 conventusque
643 3271 794 3353 hominum
815 3271 938 3351 fugeret,
960 3292 1005 3334 res
1020 3274 1126 3334 diutius
1140 3275 1200 3351 tegi
1214 3276 1267 3336 dis-

185 3376 372 3451 simularique
394 3394 453 3435 non
474 3377 579 3452 potuit
623 3375 778 3453 Pompeius
805 3376 881 3436 enim
903 3377 1101 3452 rescripserat:
1124 3394 1268 3438 reserem
1290 3386 1306 3438 3

185 3481 217 3537 in
238 3497 384 3538 summum
404 3478 563 3554 pericnlum
586 3478 776 3540 deducturum
798 3497 857 3540 non
879 3497 949 3557 esse,
970 3495 1066 3554 neque
1082 3497 1135 3540 suo
1151 3480 1267 3540 consilio

190 3584 242 3640 aut
255 3581 406 3640 voluntate
420 3580 581 3640 Domitium
596 3598 628 3640 se
641 3580 671 3638 in
687 3581 825 3656 oppidum
842 3581 1001 3642 Corfinium
1017 3583 1184 3661 contulisse3
1206 3603 1269 3660 pro
1291 3592 1307 3643 t

185 3683 261 3762 inde,
282 3685 308 3742 si
330 3701 389 3758 qua
410 3681 512 3743 fuisset
534 3682 664 3755 facultas,
687 3683 776 3743 adse
798 3703 863 3744 cum
885 3684 1019 3744 omnibus
1042 3684 1131 3762 copiis
1148 3687 1269 3747 veniret.

188 3786 222 3845 ld
252 3803 289 3846 ne
318 3783 385 3846 fieri
420 3791 532 3864 posset,
562 3786 710 3847 obsidione
744 3791 832 3862 atque
867 3787 966 3865 oppidi
1001 3787 1269 3849 circummunitione

187 3885 286 3950 fiebat.
