2960 4500
225 275 266 334 88
583 274 771 331 hunuano
790 274 905 332 CIVILI
1011 325 1013 337 .

1010 373 1013 400 l

189 459 204 510 2
227 456 308 510 catos
337 451 580 525 centurionesque
609 452 774 528 complures
800 451 844 525 (iu
872 467 905 510 eo
933 450 993 511 fuit
1010 421 1140 542 ¹triphena
1166 451 1308 512 Valerius

227 553 359 629 Flaccus,
381 553 415 614 L.
430 553 517 628 filins,
540 554 611 629 eius,
627 553 677 628 qui
691 560 814 630 praetor
827 553 930 612 Asiam
944 553 1140 628 obtinuerat);
1162 554 1308 628 signaque

169 662 171 668 '
226 661 296 714 suut
317 655 463 714 militaria
478 671 530 714 sex
545 655 650 716 relata
679 655 783 714 Nostri
805 671 863 715 non
884 656 1011 731 amplius
1025 657 1214 715 nomnibus
1236 663 1308 716 sunt

188 765 205 815 t
225 757 348 834 proeliis
363 757 532 817 desiderati.
554 756 612 817 Sed
626 759 659 816 in
674 759 796 816 castello
811 759 863 816 illo
874 774 958 817 nemo
972 759 1032 817 fuit
1042 760 1158 818 omniuo
1169 759 1305 835 militum,

226 859 297 932 quin
324 859 549 935 vulneraretur,
579 864 776 932 quattuorque
804 876 841 919 ex
879 877 944 921 vm.
969 859 1092 920 cohorte
1119 861 1307 921 centuriones

188 969 204 1018 4
226 961 325 1020 oculos
346 961 515 1020 ammerunt.
552 961 594 1022 Et
616 977 680 1020 cum
702 962 814 1021 laboris
834 962 880 1021 sui
900 963 1084 1039 periculique
1105 963 1306 1023 testimonium

223 1061 342 1122 ndierre
370 1063 498 1152 vellent,
532 1063 615 1123 milia
644 1064 825 1138 sagittarum
853 1064 973 1122 circiter
994 1081 1055 1124 xxx
1087 1065 1118 1124 in
1150 1066 1307 1124 castellum

224 1163 358 1223 coniecta
378 1162 499 1224 Caesari
514 1170 753 1242 numeraverunt,
776 1169 916 1238 scutoque
931 1165 969 1223 ad
984 1181 1050 1224 eum
1064 1166 1160 1225 relato
1175 1165 1306 1227 Scaevae

184 1274 199 1324 t
221 1266 402 1327 centurionis
423 1267 545 1327 inventa
566 1274 637 1327 sunt
658 1268 690 1326 in
712 1284 746 1326 eo
767 1267 914 1327 foramina
928 1285 993 1328 (ιιι
1023 1267 1115 1340 Quem
1130 1268 1248 1345 Caesar,
1270 1273 1305 1330 ut

221 1375 288 1429 erat
302 1369 338 1428 de
353 1386 384 1428 se
399 1371 523 1429 meritus
539 1373 568 1429 et
582 1370 618 1428 de
632 1387 666 1429 re
681 1370 808 1446 pubhce,
824 1370 964 1430 donatum
978 1370 1098 1430 milibus
1118 1389 1152 1430 co
1165 1389 1220 1446 pro
1236 1389 1304 1433 con·

220 1472 301 1531 tione
326 1472 463 1532 laudavit
490 1478 581 1546 atque
609 1475 646 1532 ab
673 1473 788 1533 octavis
815 1473 967 1532 ordinibus
1000 1473 1038 1531 ad
1059 1474 1243 1550 primipilum
1272 1493 1304 1534 se

219 1573 377 1632 traducere
401 1574 610 1650 pronuntiavit
650 1573 725 1648 (eius
748 1576 825 1634 enim
846 1591 938 1651 opera
959 1576 1114 1635 castellum
1135 1593 1245 1651 magna
1266 1595 1303 1637 ex

182 1683 198 1733 t
219 1681 307 1752 parte
329 1681 535 1736 conservatum
556 1693 621 1737 esse
642 1675 809 1752 constabat)
836 1676 1042 1752 cohortemque
1063 1684 1167 1755 postea
1189 1679 1299 1754 duplici

220 1777 375 1855 stipendio,
389 1779 545 1856 humente,
561 1783 652 1856 veste,
673 1779 795 1839 cibariis
825 1779 1063 1854 militaribusque
1085 1782 1168 1840 donis
1183 1782 1304 1858 amplis·
1412 1835 1414 1840 .
1460 1740 1465 1747 Ι

219 1880 291 1939 sime
313 1881 458 1941 donavit·

305 1976 358 2048 54.
380 1983 537 2061 Pompeius
558 1989 642 2043 nocte
664 1985 780 2059 mugnis
803 1985 913 2044 additis
940 1985 1151 2044 munitionibus
1179 1986 1303 2060 reliquis

180 2087 321 2146 tdiebus
351 2091 451 2146 turres
479 2084 630 2147 exstruxit
658 2093 689 2146 et
717 2088 750 2148 in
779 2087 968 2147 altitudinem
994 2088 1101 2164 pedum
1122 2105 1163 2148 xv
1188 2089 1301 2148 effectis

217 2190 356 2266 operibus
377 2191 473 2250 vineis
495 2207 560 2250 eam
580 2195 698 2267 partem
713 2196 877 2251 castrorum
898 2191 1012 2250 obtexit
1033 2194 1063 2251 et
1083 2207 1104 2250 v
1125 2191 1300 2251 intermissis

216 2290 320 2350 diebus
342 2291 468 2350 alteram
489 2297 604 2351 noctem
633 2293 819 2352 subnubilam
844 2297 950 2352 uectus
978 2293 1139 2352 obstructis
1165 2294 1299 2352 omnibus

218 2397 382 2452 casmorum
396 2393 493 2469 portis
508 2394 591 2453 etad
606 2393 822 2471 impediendum
837 2395 968 2454 obicibus
983 2393 1105 2454 adiectis
1117 2396 1211 2455 tertia
1221 2395 1299 2454 inita

217 2495 1300 2573 vigillasilentioexercitumeduxitetseinantiquasmunitionesrecepit.

303 2593 347 2663 55
357 2592 440 2679 (56).
454 2599 595 2661 Omnibus
607 2601 744 2678 deinceps
756 2601 858 2660 diebus
870 2599 980 2660 Caesar
991 2601 1154 2659 exercitum
1163 2602 1195 2660 in
1207 2600 1299 2659 aciem

218 2717 345 2775 aequum
363 2703 396 2760 in
409 2704 505 2762 locum
518 2703 666 2780 produxit,
689 2703 715 2762 si
731 2704 886 2779 Pompeius
900 2703 1013 2779 proelio
1030 2703 1183 2762 decertare
1198 2703 1298 2776 vellet

217 2809 252 2862 ut
272 2821 367 2878 paene
382 2805 489 2862 castus
504 2805 624 2880 Pompei
645 2805 777 2876 legiones
799 2803 958 2875 subicerct3
982 2807 1155 2874 tantumque
1178 2820 1196 2861 a
1217 2804 1298 2862 vallo

217 2905 280 2963 eius
301 2904 399 2980 prima
420 2905 498 2964 acies
520 2906 638 2979 aberat,
667 2905 771 2962 utine
793 2904 885 2962 telum
913 2907 1059 2962 tormento
1085 2902 1168 2976 adigi
1188 2910 1297 2980 posset.

179 3012 195 3062 2
215 3005 373 3082 Pompeius
395 3010 552 3081 autemut
573 3006 681 3064 lamam
701 3006 923 3083 opinionemque
944 3004 1092 3065 hominum
1108 3009 1232 3080 teneret
1255 3008 1299 3066 sic

215 3125 271 3184 pun
293 3108 401 3168 castris
422 3109 584 3169 exercitum
605 3109 811 3180 constituebat,
834 3114 870 3168 ut
890 3108 983 3168 tertia
1002 3107 1080 3167 acies
1095 3108 1207 3168 vallum
1230 3125 1297 3168 con·

216 3211 364 3286 tingeret,
397 3212 491 3272 omnis
524 3211 641 3286 quidem
672 3213 838 3272 instructus
870 3211 1018 3271 exercitus
1050 3211 1120 3270 telis
1147 3227 1184 3270 ex
1216 3212 1296 3271 vallo

217 3314 329 3374 adactis
349 3315 471 3391 protegi
489 3320 598 3391 posset.
946 3348 949 3352 ,

302 3409 344 3479 56
354 3409 437 3495 (bb).
455 3415 578 3492 Aetolia,
593 3415 772 3491 Acarnania,
787 3414 991 3492 Amphilochis
1004 3431 1060 3490 per
1075 3413 1208 3474 Cassium
1218 3413 1296 3473 Lon-

215 3520 318 3593 ginum
339 3523 369 3578 et
391 3518 552 3579 Calvisium
567 3518 716 3594 Sabinum,
739 3524 774 3578 ut
789 3518 1061 3592 demonstravimus,
1083 3517 1208 3591 receptis
1223 3522 1296 3574 tem-

215 3621 357 3697 ptandam
372 3621 429 3680 sibi
440 3621 583 3680 Achaiam
598 3638 633 3680 ac
647 3621 736 3698 paulo
750 3621 869 3695 longius
883 3619 1131 3698 progrediendum
1146 3619 1296 3678 existima·

215 3723 269 3781 bat
279 3721 396 3784 Caesar.
418 3723 525 3800 Itaque
537 3740 570 3783 eo
581 3723 615 3796 Q.
627 3722 769 3783 Calenum
779 3724 861 3782 misit
869 3724 954 3797 eique
967 3721 1108 3782 Sabinum
1120 3725 1151 3780 et
1162 3719 1296 3780 Cassium

174 3831 192 3882 2
215 3840 280 3883 cum
294 3823 463 3884 cohortibus
486 3825 630 3885 adiunxit.
664 3826 793 3897 Quorum
809 3825 926 3900 cognito
942 3823 1073 3883 adventu
1088 3821 1221 3881 Rutilius
1236 3822 1296 3881 Lu·

215 3943 279 4003 pus,
289 3928 339 4001 qni
347 3926 489 3986 Achaiam
500 3929 605 3987 missus
618 3927 782 4004 aPompeio
790 3928 950 4002 obtinebat
957 3926 1102 3985 Isthmum
1106 3925 1296 4000 praemunire
