2964 4506
14 449 19 507 l

634 283 655 336 I.
675 288 785 339 32—36.
1213 286 1252 343 17

258 449 316 520 34.
350 456 415 531 Quo
438 476 504 518 oum
526 457 658 534 venisset,
680 458 826 535 cognoscit
847 458 964 518 missum
987 459 1017 518 in
1043 459 1253 536 Hispaniama

174 559 312 636 Pompeio
334 559 492 620 Vibullium
521 558 645 634 Rufum,
673 578 759 637 quem
787 561 886 637 paucis
915 566 983 621 anto
1010 561 1111 621 diebus
1134 560 1252 622 (loriiuii

174 666 291 738 captum
305 661 367 739 ipse
380 663 539 741 dimiserat3
562 662 723 740 profectum
745 663 814 724 item
829 663 989 724 Domitium
1004 664 1041 722 ad
1056 665 1253 743 occupandam
1276 673 1290 723 2
1349 737 1352 744 1

175 763 329 822 Massiliam
350 764 474 825 navibus
495 765 628 825 actuariis
650 769 775 841 septem,
803 782 876 840 quas
898 765 973 841 Igilii
999 767 1078 824 etin
1101 765 1213 827 Cosano
1237 785 1255 826 a

173 864 292 941 privatis
304 870 416 926 coactas
427 866 525 943 servis,
539 867 655 944 libertis,
670 866 777 927 colonis
788 867 846 927 suis
859 868 1064 945 compleverat3
1080 867 1252 944 praemissos
1277 877 1292 926 3

174 965 260 1026 etiam
283 967 393 1044 legatos
407 969 596 1030 Massilienses
618 969 744 1047 domurn,
766 969 876 1029 nobiles
891 969 1096 1048 adulescentes,
1118 987 1191 1045 qnos
1214 969 1251 1029 ab

173 1069 246 1129 urbe
278 1069 426 1132 discedens
455 1071 610 1149 Pompeius
643 1077 704 1132 erat
736 1071 916 1150 adhortatus,
948 1091 986 1132 ne
1018 1091 1095 1133 nova
1123 1071 1255 1132 Caesaris

174 1170 272 1232 officia
285 1178 416 1233 vetorum
430 1192 549 1234 suorum
564 1173 769 1235 beneficiorum
783 1174 814 1232 in
829 1192 878 1234 eos
893 1175 1059 1234 memoriam
1071 1176 1255 1251 expellerent.

174 1272 287 1346 Quibus
309 1276 451 1336 mandatis
472 1277 595 1353 acceptis
616 1277 805 1337 Massilienses
825 1281 923 1353 portas
940 1275 1054 1336 Caesari
1076 1277 1252 1355 clauserant3
1278 1285 1292 1334 4

172 1375 301 1453 Albicos,
330 1377 469 1438 barbaros
489 1377 632 1456 homines,
661 1379 760 1454 quiin
783 1397 882 1438 eorum
910 1377 968 1438 fide
994 1379 1151 1455 antiquitus
1172 1383 1255 1440 crant

173 1482 344 1554 montesque
358 1497 447 1557 snpra
461 1480 614 1540 Massiliam
629 1480 800 1558 incolebant,
819 1481 857 1540 ad
871 1498 902 1541 se
916 1486 1103 1559 vocaverant3
1125 1479 1253 1542 frumen·
1278 1490 1292 1540 5

173 1583 235 1639 tum
258 1598 294 1640 ex
315 1579 445 1642 finitimis
468 1583 633 1659 regionibus
648 1589 736 1659 atquc
750 1602 786 1643 ex
808 1583 941 1644 omnibus
957 1584 1077 1645 castellis
1099 1584 1128 1642 in
1151 1585 1252 1644 urbem

174 1689 382 1765 convexerant;
415 1703 559 1745 armorum
592 1683 724 1746 officinas
755 1686 785 1744 in
813 1687 885 1746 urbe
913 1685 1108 1764 instituerant3
1145 1705 1251 1764 muros,

176 1791 282 1862 portas,
305 1788 423 1846 classem
446 1786 623 1847 reficiebant.

258 1881 314 1951 35.
336 1889 448 1948 Evocat
474 1889 511 1947 ad
539 1906 571 1948 sc
600 1887 705 1949 Caesar
732 1889 857 1949 Massilia
884 1909 924 1949 xv
950 1889 1066 1966 primos.
1111 1890 1184 1949 (lum
1199 1888 1257 1956 ‚his

179 1990 249 2066 agit,
271 2007 308 2049 ne
329 1989 441 2050 initium
462 1988 604 2050 inferendi
629 1991 696 2052 belli
718 2011 736 2052 a
757 1991 981 2052 Massiliensibus
1009 1991 1129 2068 oriatur3
1153 1991 1258 2050 debere

179 2105 228 2148 eos
251 2090 350 2149 Italiae
370 2092 459 2152 totius
475 2093 673 2153 auctoritatem
695 2094 777 2170 sequi
798 2093 893 2170 potius
916 2111 1003 2168 quam
1024 2092 1109 2152 unius
1130 2091 1257 2152 hominis

178 2190 322 2250 voluntati
337 2193 544 2272 obtemperare.
574 2195 704 2274 Reliqua,
726 2213 802 2272 quae
816 2195 854 2254 ad
868 2213 968 2256 corum
989 2195 1133 2256 sanandas
1148 2199 1257 2255 mentes
1280 2206 1294 2256 2

177 2295 321 2367 pertinere
333 2295 534 2374 arbitrabatur,
542 2302 755 2370 commemorat
764 2297 858 2365 ,Cuius
869 2297 1027 2359 orationem
1038 2298 1127 2374 legati
1140 2297 1257 2357 domum
1280 2309 1295 2358 3

176 2393 305 2456 referunt
332 2403 420 2474 atque
449 2417 485 2459 ax
507 2399 676 2460 auctoritate
697 2404 814 2460 senatus
840 2399 912 2460 haec
934 2398 1048 2460 Caesari
1076 2399 1256 2460 renuntiant:

176 2496 346 2574 Intellegere
367 2517 398 2560 se
420 2500 542 2560 divisum
565 2519 627 2561 csso
653 2502 794 2578 populum
816 2502 979 2562 Romanum
1001 2501 1030 2560 in
1058 2506 1154 2578 partes
1176 2501 1257 2560 duas·

175 2599 280 2673 Neque
293 2599 337 2658 sui
351 2600 447 2659 iudicii
470 2618 566 2675 neque
580 2619 696 2660 suarum
712 2619 774 2660 csse
795 2601 898 2660 virium
921 2601 1080 2678 decernere,
1102 2606 1168 2661 utra
1188 2620 1256 2678 pars

174 2697 322 2758 iustiorem
350 2699 457 2761 habeat
485 2720 610 2762 causam.
656 2701 803 2779 Principes
831 2720 898 2762 vero
927 2720 989 2762 csse
1010 2720 1109 2762 earum
1132 2704 1255 2779 partium
1278 2719 1293 2768 4

175 2799 227 2860 Gn.
249 2801 419 2879 Pompeium
441 2809 470 2864 et
493 2803 524 2864 O.
539 2804 699 2880 Gaesarem,
721 2810 858 2880 patronos
880 2804 1015 2883 civitatis3
1039 2821 1162 2880 quorum
1185 2807 1256 2866 alter

174 2920 259 2977 agros
287 2904 441 2965 Volcarum
469 2907 703 2968 Arecomicorum
731 2912 761 2966 et
789 2907 960 2966 Helviorum
986 2906 1101 2983 publice
1130 2909 1167 2966 iis
1190 2926 1254 2968 con-

174 3006 296 3083 cesserit,
318 3009 389 3066 alter
403 3008 478 3068 bello
493 3010 584 3070 victos
601 3010 713 3086 Sallyas
727 3007 888 3069 attribuerit
909 3008 1118 3084 vectigaliaque
1133 3010 1254 3070 auxerit.

173 3105 271 3180 Quare
298 3108 416 3184 paribus
444 3127 544 3169 corum
572 3109 718 3170 beneficiis
750 3127 849 3185 parem
877 3127 908 3169 sc
937 3127 1053 3186 quoquc
1074 3114 1253 3172 voluntatem
1276 3131 1290 3179 5

172 3210 297 3270 tribuere
325 3210 430 3271 debere
458 3217 487 3272 ct
512 3217 646 3272 neutrum
675 3229 774 3272 eorum
802 3215 903 3270 contra
931 3213 1053 3271 altorum
1081 3213 1180 3274 iuvare
1202 3219 1253 3274 aut

171 3314 243 3373 urbe
265 3318 316 3373 aut
337 3314 471 3391 portibus
491 3314 625 3392 recipcre.

256 3408 308 3484 36,
332 3417 413 3478 Haec
434 3418 504 3477 dnm
525 3417 600 3477 inter
621 3435 669 3476 cos
691 3419 826 3492 aguntur,
849 3413 992 3474 Domitius
1014 3414 1137 3476 navibus
1151 3416 1248 3478 Massi-

170 3519 239 3582 liam
260 3519 391 3594 pervsnit
412 3525 499 3594 atquc
521 3520 558 3579 ab
581 3519 616 3578 iis
637 3522 768 3594 receptus
789 3516 855 3577 urbi
880 3515 1059 3593 praeficitur:
1089 3535 1203 3578 summa
1225 3521 1251 3579 ei

170 3621 237 3682 belli
252 3621 467 3680 administrandi
482 3621 660 3697 permittitur.
673 3621 743 3680 Eius
757 3618 878 3697 imperio
890 3621 1008 3679 classem
1024 3637 1141 3694 quoque
1151 3639 1250 3682 versus
1272 3630 1286 3680 2

169 3725 332 3801 dimittunt,
356 3723 501 3783 onerarias
522 3738 624 3798 naves,
650 3739 722 3797 quas
745 3721 854 3796 ubique
874 3726 1009 3798 possunt,
1032 3721 1249 3798 deprehendunt

168 3832 255 3902 atque
287 3829 319 3886 in
347 3830 464 3902 portum
492 3825 652 3902 deducunt,
684 3840 789 3898 parum
816 3823 903 3883 clavis
930 3829 982 3883 aut
1008 3823 1128 3883 materia
1160 3829 1248 3901 atquc

168 3929 351 3990 armamentis
373 3929 517 3990 instructis
538 3928 575 3988 ad
594 3927 718 4003 reliquas
739 3925 892 3985 armandas
914 3924 1141 4000 reficiendasque
1162 3931 1246 3988 utun-

221 4034 302 4078 ansar
314 4035 339 4077 B.
358 4034 405 4078 Gir.
421 4035 449 4078 ed
466 4034 492 4076 Η.
506 4031 598 4077 Monsel.
1078 4027 1092 4076 2
