2964 4506
610 232 631 286 1.
650 237 760 286 20-23.
1196 235 1235 290 11

244 402 300 473 22.
328 407 439 482 Quarta
459 407 557 482 vigilia
579 407 687 468 circiter
701 408 841 470 Lentulus
856 407 991 484 Spinther
1013 408 1050 468 de
1072 427 1154 469 muro
1171 427 1238 479 eum

159 511 262 588 vigiliis
278 509 470 585 custodiisque
484 511 589 570 nostris
604 511 802 585 conloquitur:
825 509 899 570 velle
919 527 959 586 se,
974 511 999 569 si
1013 509 1070 570 sibi
1089 509 1143 570 fiat
1157 516 1238 587 pote·

157 619 232 689 stas,
259 613 410 674 Gaesarem
438 613 599 672 convenire.
631 613 720 673 Facta
745 616 887 686 potestate
914 630 950 671 ex
977 612 1083 689 oppido
1105 613 1237 690 mittitur,
1260 623 1274 673 1

160 733 254 790 neque
276 715 313 774 ab
329 733 362 775 eo
377 714 458 792 prius
473 713 633 774 Domitiani
647 713 750 774 milites
764 713 923 789 discedunt,
946 731 1034 788 quam
1053 713 1082 772 in
1105 733 1238 791 conspec

159 823 222 877 tum
238 816 367 878 (laeseris
382 817 548 876 deducatur.
585 815 657 876 (lum
673 835 707 876 11
729 816 766 876 de
786 817 879 876 salute
900 834 954 876 sua
975 817 1050 892 agit:
1074 821 1137 876 orat
1152 821 1240 892 atque
1261 827 1276 875 3

158 921 299 997 obsecrat,
321 925 355 979 ut
375 919 430 979 sibi
446 923 555 996 parcat,
576 923 761 994 veteremque
775 918 930 979 amicitiam
946 924 1152 979 commemorat
1168 918 1238 980 (lae

158 1025 291 1097 serisque
312 1021 342 1080 in
364 1039 395 1081 ee
410 1020 552 1082 beneficia
567 1020 700 1098 exponit3
725 1039 799 1096 quae
821 1025 903 1080 crant
917 1021 1059 1079 maxima:
1084 1021 1163 1096 quod
1188 1039 1240 1097 per
1261 1031 1276 1080 4

158 1143 225 1183 cum
252 1126 283 1183 in
306 1124 459 1200 collegium
481 1123 652 1198 pontificum
681 1127 808 1200 venerat,
831 1123 909 1198 quod
931 1124 1110 1200 provinciam
1134 1124 1238 1200 Hispa-

159 1225 236 1284 niam
265 1244 301 1285 ex
327 1230 463 1302 praetura
489 1225 639 1301 habuerat,
668 1224 747 1299 quod
774 1225 804 1283 in
827 1225 964 1301 petitione
986 1226 1151 1285 consulatus
1178 1230 1240 1293 erat

158 1329 336 1388 sublevatus.
373 1327 462 1387 (iuius
478 1327 636 1386 orationem
653 1325 758 1386 Caesar
772 1327 949 1402 interpellat:
972 1345 1003 1386 se
1017 1345 1076 1386 non
1098 1325 1238 1387 maleficii
1259 1339 1273 1386 1

161 1447 248 1489 causa
270 1447 306 1489 cx
327 1429 476 1505 provincia
497 1445 654 1504 egressum,
683 1427 734 1487 sed
755 1429 799 1487 uti
820 1445 851 1487 se
873 1446 892 1486 1
913 1428 1090 1488 contumeliis
1111 1427 1239 1488 inimico-

160 1551 225 1591 rum
248 1531 422 1608 defenderet,
451 1535 484 1589 ut
506 1531 638 1590 tribunos
660 1530 753 1605 plebis
775 1529 886 1590 nefarie
907 1548 944 1590 ex
966 1531 1082 1590 civitate
1104 1531 1240 1607 expulsos

160 1635 191 1693 in
213 1651 296 1693 suam
311 1633 483 1709 dignitatem
499 1633 670 1708 restitueret,
692 1636 725 1691 ut
746 1650 777 1692 se
799 1637 828 1692 et
842 1633 984 1708 populum
999 1633 1162 1692 Romanum
1180 1629 1239 1691 fac

159 1737 239 1795 tione
272 1753 430 1812 paucorum
464 1751 633 1810 oppressum
666 1734 694 1792 in
728 1734 890 1794 libertatem
919 1735 1089 1794 vindicaret.
1149 1733 1276 1794 01111116

153 1838 291 1896 oratione
316 1834 502 1896 confirmatus
530 1836 684 1912 Lentulus,
717 1840 751 1895 ut
778 1837 809 1894 in
841 1836 981 1912 oppidum
1013 1838 1119 1896 reverti
1145 1837 1239 1914 liceat,

160 1939 245 2015 perit:
285 1938 364 2014 quod
403 1938 439 1997 111
477 1955 530 1997 sua
568 1938 661 1998 salute
696 1937 908 2015 impetraverit,
948 1937 1011 1998 fore
1047 1941 1134 1998 etiam
1175 1940 1238 1999 reli·

159 2043 226 2116 quis
262 2041 300 2100 111
334 2059 417 2100 suam
455 2057 535 2114 spem
578 2041 701 2117 solaci03
745 2040 817 2100 adeo
859 2057 921 2099 esse
963 2041 1129 2116 perterritos
1179 2059 1238 2100 non

160 2143 263 2220 nullos,
284 2146 318 2201 ut
339 2159 409 2201 suae
430 2141 506 2201 vitae
528 2142 627 2201 durius
649 2141 798 2201 consulere
820 2141 955 2218 cogitent.
986 2141 1075 2202 Facta
1096 2147 1239 2218 potestate

158 2243 289 2304 discedit.

245 2341 297 2409 23.
335 2344 449 2422 Caesar,
471 2346 523 2406 ubi
544 2345 626 2419 luxit,
649 2363 749 2406 omnes
771 2345 1240 2421 111111111111111111111111111111111-Ι

159 2466 214 2520 ros,
236 2448 367 2508 tribunos
389 2448 511 2507 militum
532 2448 701 2523 equitesque
716 2449 862 2508 Romanos
884 2447 975 2507 adse
1000 2448 1120 2522 produci
1148 2446 1239 2506 iubet.

158 2550 250 2608 Erant
272 2550 497 2625 quinquaginta:
530 2549 637 2609 ordinis
659 2549 794 2609 senatorii
815 2548 849 2607 L.
864 2547 1018 2625 Domitius,
1041 2551 1073 2611 P.
1094 2549 1235 2608 Lentulus
1257 2561 1271 2609 2

159 2649 304 2726 Spinther,
315 2650 348 2709 L.
361 2649 501 2710 Caecilius
513 2648 614 2726 Rufus,
627 2649 693 2710 Sex.
708 2648 864 2722 Quintilius
876 2650 971 2709 Varus
982 2655 1125 2726 quaestor,
1136 2650 1168 2710 L.
1181 2650 1238 2708 Ru·

160 2753 254 2830 brius,
278 2758 427 2829 praeterea
448 2751 527 2812 filius
543 2751 664 2812 Domitii
686 2751 792 2827 aliique
814 2752 976 2826 complures
990 2752 1186 2812 adulescentes
1208 2756 1238 2812 11

157 2872 283 2930 magnus
304 2873 441 2916 numerus
464 2855 593 2930 equitum
616 2856 814 2914 Romanorum
836 2859 865 2914 11
886 2854 1083 2932 decurionum,
1105 2872 1178 2929 quos
1200 2872 1238 2914 ex

159 2955 320 3030 municipiis
335 2955 479 3017 Domitius
501 2961 681 3017 evocaverat.
713 2957 776 3016 Hos
799 2973 899 3016 omnes
920 2956 1076 3033 productos
1098 2974 1116 3015 a
1137 2962 1236 3017 contu·
1257 2968 1272 3018 3

160 3057 252 3117 meliis
273 3058 394 3117 militum
417 3059 612 3133 conviciisque
632 3057 780 3135 prohibet3
804 3075 899 3134 pauca
923 3058 1002 3134 apud
1023 3077 1072 3118 cos
1092 3058 1235 3134 loquitur:

156 3160 297 3236 queritur,
312 3159 390 3234 quod
404 3159 460 3219 sibi
475 3177 493 3218 1
507 3165 589 3235 parto
602 3177 702 3218 corum
718 3161 813 3234 gratia
827 3160 917 3218 relata
931 3178 990 3219 non
1004 3159 1041 3220 sit
1055 3179 1107 3237 pro
1119 3162 1184 3221 'suis
1204 3163 1237 3222 in

155 3281 207 3322 eos
228 3261 362 3321 maximis
376 3260 541 3339 beneficiis3
565 3261 684 3320 dimittit
698 3278 799 3320 omues
813 3260 980 3321 incolumes.
1011 3263 1062 3322 HS
1079 3257 1144 3342 11111,
1160 3263 1239 3339 quod
1259 3275 1274 3324 1

155 3365 313 3424 advexerat
328 3364 473 3424 Domitius
496 3368 584 3439 atque
605 3364 634 3430 iu
657 3362 773 3439 publico
795 3363 976 3440 deposuerat,
998 3363 1126 3424 adlatum
1149 3366 1186 3425 ad
1205 3384 1237 3426 se

156 3485 176 3524 a
198 3465 403 3541 quattuorviris
419 3464 647 3526 Corfiniensibus
668 3465 796 3525 Domitio
819 3465 921 3542 reddit,
942 3484 979 3526 ne
1001 3467 1191 3527 continentior
1205 3469 1236 3526 in

155 3568 218 3629 vita
238 3567 387 3628 hominum
410 3586 498 3643 quam
521 3567 550 3626 in
572 3567 695 3644 pecunia
716 3565 806 3645 luisse
827 3567 967 3646 videatur,
991 3569 1043 3629 etsi
1065 3587 1236 3644 1111111111-

136 3670 404 3748 1111111111111111111
427 3688 488 3730 esse
517 3671 668 3730 constabat
695 3669 852 3745 datamque
874 3688 892 3729 a
914 3672 1052 3748 Pompeio
1078 3671 1108 3730 iu
1129 3671 1235 3746 stipen-

155 3773 245 3833 dium.
281 3773 383 3832 Milites
398 3773 580 3832 Domitianos
600 3777 812 3832 sacramentnm
831 3773 911 3849 apud
926 3792 957 3833 se
979 3773 1072 3833 dicere
1093 3773 1173 3834 iubet
1195 3779 1236 3834 at·
1257 3783 1272 3831 5

153 3892 213 3950 que
234 3875 335 3935 eodem
357 3874 403 3934 die
424 3879 517 3935 111111
538 3879 635 3934 movet
656 3869 822 3949 iustumque
843 3875 897 3935 iter
918 3874 1033 3936 coniicit
1053 3894 1096 3933 vn
1118 3876 1235 3936 omnino
