2960 4500
642 265 662 320 Ι.
682 269 791 321 80-85.
1074 271 1076 274 ’
1212 267 1252 324 37

176 439 300 498 vacabat
322 441 359 499 ad
373 440 519 501 incursum
535 446 624 517 atque
637 441 776 517 impetum
792 441 913 502 militurn
928 440 1034 502 relicta.
1067 440 1098 501 Si
1111 441 1252 518 proelium
1274 449 1289 500 5

176 540 407 620 committeretur,
429 543 630 620 propinquitas
653 548 811 603 castrorum
825 545 945 604 celerem
967 543 1108 619 superatis
1122 561 1159 602 ex
1180 541 1253 620 luga

176 648 321 719 receptum
346 644 443 705 dabat
487 645 552 704 Hac
572 644 609 704 de
631 662 718 706 causa
745 645 931 706 constituerat
952 645 1036 721 signa
1063 643 1252 706 inferentibus

175 745 313 825 resistere,
333 747 412 823 prior
433 747 542 824 proelio
564 765 623 806 non
645 747 791 806 lacessere.

262 843 316 912 83.
338 849 422 910 Acies
452 855 514 910 erat
541 847 701 909 Afraniana
728 849 836 925 duplex
861 849 1007 926 legionum
1029 869 1057 927 v,
1085 849 1200 910 tertium
1222 849 1252 908 in

175 950 308 1013 subsidiis
329 952 425 1012 locum
440 951 546 1012 alariae
561 951 692 1012 cohortes
707 951 890 1030 obtinebant3
914 951 1044 1014 Caesaris
1062 952 1179 1030 triplam
1202 952 1253 1012 sed
1273 961 1288 1011 2

175 1053 298 1128 primam
321 1054 410 1114 aciem
433 1059 591 1130 quaternae
606 1054 736 1114 cohortes
751 1072 788 1114 ex
803 1073 823 1112 v
844 1054 1006 1132 legionibus
1026 1056 1176 1132 tenebant3
1198 1054 1252 1114 has

176 1155 364 1216 subsidiariae
384 1161 483 1236 ternae
505 1162 534 1216 et
547 1174 646 1217 rursus
668 1156 741 1216 aliae
755 1157 873 1217 totidem
888 1175 959 1217 suae
974 1157 1111 1233 cuiusque
1132 1156 1253 1232 legionis

176 1258 443 1336 subsequebantur3
476 1258 617 1335 sagittarii
652 1257 870 1335 funditoresque
901 1259 997 1318 media
1033 1258 1253 1319 continebantur

176 1359 244 1437 acie,
266 1361 410 1436 equitatus
431 1361 522 1421 latera
543 1361 685 1438 cingebat.
717 1361 783 1420 Tali
804 1362 891 1422 modo
912 1362 1051 1422 instructa
1072 1361 1133 1421 acie
1154 1365 1287 1420 teneres

176 1466 298 1537 uterque
318 1463 498 1540 propositum
513 1463 679 1544 videbatur:
704 1463 819 1542 (lassu,
839 1482 878 1524 ne
898 1463 953 1524 nisi
974 1468 1089 1524 coactus
1110 1463 1251 1540 proelium

176 1565 377 1644 committeret3
399 1566 455 1641 illc,
476 1571 510 1627 ut
531 1585 621 1643 opera
635 1565 764 1627 Caesaris
777 1566 937 1644 impediret
968 1566 1140 1626 Producitur
1154 1570 1251 1626 tamen

175 1684 229 1745 res,
250 1667 383 1744 aciesque
398 1669 435 1727 ad
449 1669 517 1728 solis
531 1687 664 1730 occasum
679 1668 875 1747 continentum
897 1668 965 1728 inde
984 1668 1099 1744 utrique
1113 1667 1143 1726 in
1158 1672 1252 1726 castra

176 1768 333 1831 discedunt.
376 1771 494 1831 Postero
517 1770 563 1831 die
583 1771 757 1831 munitiones
784 1771 929 1831 institutas
952 1769 1058 1831 (lassat
1084 1773 1169 1847 parat
1189 1787 1251 1846 per·
1272 1778 1288 1827 4

175 1869 275 1949 ficere3
298 1871 338 1930 illi
359 1871 466 1930 vadum
489 1870 617 1932 fluminis
640 1872 744 1932 Sicoris
766 1877 915 1951 temptare,
940 1871 964 1931 si
986 1871 1105 1932 transire
1127 1875 1252 1948 possent.

177 1972 295 2046 Quare
316 1973 515 2034 animadversa
530 1973 636 2034 Caesar
655 1973 815 2036 Germanos
836 1975 907 2034 levis
928 1979 1091 2033 armabmne
1113 1973 1252 2048 equitum-
1274 1981 1289 2030 5

175 2091 233 2150 que
253 2078 365 2151 partem
385 2072 496 2134 flumen
519 2074 612 2135 traicit
626 2075 799 2151 crebrasque
813 2075 842 2132 in
865 2073 933 2150 ripis
955 2073 1098 2134 custodias
1120 2073 1252 2149 disponit

260 2169 314 2238 84.
336 2175 468 2236 Tandem
498 2176 631 2236 omnibus
660 2177 747 2236 rebus
777 2175 899 2246 obsessi,
927 2180 1063 2252 quartum
1091 2175 1149 2234 ism
1175 2175 1250 2234 diem

174 2280 238 2340 sine
259 2279 367 2354 pabulo
390 2278 506 2340 retentis
528 2277 671 2357 iumentis,
696 2295 799 2354 aquae,
820 2277 974 2354 lignorum,
996 2275 1132 2338 frumenti
1153 2277 1252 2354 inopia

175 2382 359 2459 conloquium
381 2386 484 2458 petunt
499 2386 528 2442 et
548 2381 587 2458 id,
609 2381 633 2441 si
653 2381 718 2442 fiori
738 2381 837 2459 possit,
859 2385 970 2441 semoto
989 2379 1158 2441 amilitibus
1180 2381 1252 2442 loco.

175 2483 234 2544 Ubi
254 2483 284 2542 id
305 2502 324 2543 a
346 2483 468 2544 (lassare
490 2488 628 2560 negatum
650 2488 695 2560 et,
721 2484 817 2560 palam
839 2484 866 2542 si
888 2481 1022 2558 conloqui
1043 2483 1164 2560 vellent,
1186 2492 1286 2543 con-2

176 2602 286 2644 cessum
309 2590 361 2661 est,
381 2585 466 2644 datur
488 2584 595 2644 obsidis
616 2585 680 2645 loco
697 2583 812 2644 Caesari
833 2583 911 2644 filius
924 2583 1046 2646 Afranii.
1078 2584 1201 2644 Venitur
1220 2584 1250 2643 in

176 2704 242 2747 eum
269 2687 379 2762 locum,
407 2704 494 2761 quern
517 2686 622 2748 Caesar
654 2686 768 2762 delegit.
811 2685 955 2747 Audiente
982 2691 1105 2761 utroque
1126 2685 1289 2746 exercitus

175 2789 303 2864 loquitur
316 2788 470 2849 Afranius:
494 2789 562 2849 Nou
578 2806 640 2848 esse
654 2793 705 2848 aut
718 2788 788 2865 ipsis
802 2794 854 2849 aut
868 2788 1005 2849 militibus
1018 2787 1253 2866 suscensendum,

176 2891 255 2967 quod
276 2889 364 2951 fidem
387 2909 458 2967 erga
478 2873 680 2967 imperatorem
708 2908 794 2951 suum
816 2891 869 2951 (ln.
891 2890 1060 2966 Pompeium
1083 2907 1253 2951 conservare

175 2992 326 3054 voluerint
363 2990 420 3052 Sed
441 2993 510 3051 satis
530 2992 588 3051 iam
610 2990 712 3052 iecisse
733 2991 831 3054 officio
853 2993 980 3068 satisque
1000 2991 1133 3068 supplicii
1154 2992 1253 3052 tulisse

174 3110 326 3170 perpessos
348 3093 476 3152 omnium
504 3111 599 3152 rerum
628 3093 772 3172 iuopiam3
801 3112 880 3154 nune
906 3111 975 3153 vero
1003 3111 1096 3169 paene
1121 3099 1155 3153 ut
1175 3093 1252 3154 feras
1273 3105 1288 3154 4

177 3194 381 3254 circumretitos
402 3193 547 3271 prohiberi
568 3213 658 3271 aqua,
679 3193 824 3271 prohiberi
844 3195 990 3271 ingressu,
1016 3213 1112 3271 neque
1132 3214 1252 3272 corpore

176 3296 303 3356 dolorem
325 3314 421 3372 neque
442 3295 538 3356 animo
560 3296 747 3373 ignominiam
769 3294 845 3357 ferre
865 3314 958 3374 posse.
991 3296 1095 3372 Itaque
1116 3315 1148 3356 se
1162 3297 1253 3357 victos
1273 3307 1288 3356 5

177 3398 323 3477 confiteri3
347 3417 429 3460 orare
450 3405 538 3474 atque
553 3401 710 3478 obsecrare,
731 3401 757 3458 si
778 3399 829 3476 qui
850 3400 930 3459 locus
945 3398 1154 3459 misericordiae
1168 3400 1252 3459 relin-

177 3505 291 3577 quatur,
305 3519 343 3561 ne
358 3502 395 3560 ad
409 3501 541 3561 ultimum
557 3502 730 3579 supplicium
745 3501 881 3579 progredi
895 3519 1011 3562 neceam
1025 3501 1139 3562 habeat.
1170 3503 1252 3564 Haeo

179 3621 266 3678 quarn
288 3607 384 3680 potest
405 3603 604 3664 demississime
626 3609 655 3664 et
676 3604 883 3665 subiectissime
905 3603 1033 3679 exponit.

260 3699 317 3770 85.
337 3705 383 3764 Ad
405 3723 441 3765 ea
455 3704 561 3766 (lassor
582 3705 743 3783 respondit:
766 3707 847 3766 Nulli
869 3707 1000 3767 omnium
1014 3705 1067 3764 has
1088 3711 1184 3783 partes
1205 3707 1252 3766 vel

178 3807 373 3882 querimoniae
394 3808 440 3868 vel
462 3808 652 3886 miserationis
674 3807 769 3868 minus
797 3809 972 3869 convenisse.
1017 3808 1154 3884 Reliquos
1175 3808 1287 3868 enimt

179 3926 278 3970 omnes
301 3908 431 3970 officium
446 3926 531 3968 suurn
545 3909 731 3986 praestitisse:
754 3928 795 3988 se,
816 3911 868 3986 qui
883 3910 968 3970 ctiam
983 3910 1062 3969 bona
1077 3909 1250 3985 condicione,
