2964 4506
227 271 267 329 28
521 283 530 297 ²
607 271 658 326 Du
677 271 795 327 BELLO
814 271 928 327 CIVILI

191 447 337 506 abellum
369 446 528 507 transferre
578 447 655 507 Huic
683 446 800 506 consilio
828 444 1046 522 suffragabatur
1074 429 1159 506 etiam
1186 446 1236 505 illa
1256 463 1311 522 res,

228 549 308 624 quod
330 567 366 609 cx
389 549 504 608 duobus
526 549 673 608 contrariis
696 549 857 625 generibus,
878 566 954 624 quae
975 541 1124 625 superiore
1146 548 1221 608 bello
1244 565 1310 607 cum

229 651 357 712 Sertorio
372 656 511 712 steterant
526 651 662 722 civitates,
685 651 777 710 victae
790 669 896 710 nomeu
912 657 1000 727 atque
1013 650 1165 727 imperium
1180 649 1307 710 absentis

227 752 349 829 Pompei
372 753 527 830 timebant,
550 771 625 829 quae
646 753 676 811 in
699 751 823 813 amicitia
845 758 1022 825 manserant,
1045 752 1158 828 magnis
1180 750 1311 811 adfectae

227 852 377 914 beneficiis
394 872 460 914 eum
477 853 652 932 diligebant,
676 853 806 914 camaris
821 858 918 914 autem
933 858 995 914 erat
1015 853 1044 912 in
1060 853 1190 914 barbaris
1204 869 1310 912 nomen

230 956 389 1016 obscurius.
418 956 475 1016 Hic
497 974 619 1033 magnos
642 957 786 1032 equitatus
800 975 966 1033 magnaque
981 956 1089 1016 auxilia
1103 956 1310 1032 exspectabant

189 1067 205 1117 t
227 1063 256 1118 et
278 1059 337 1118 suis
361 1058 566 1118 locisbcllum
593 1059 623 1117 in
645 1058 768 1118 hiemem
797 1059 901 1119 ducere
930 1059 1105 1134 cogitabant.
1150 1058 1215 1118 Hoc
1235 1057 1306 1118 inito

229 1161 346 1220 consilio
369 1163 430 1221 toto
453 1159 574 1220 flumine
589 1161 698 1221 Hibero
714 1179 803 1221 naves
818 1160 947 1237 conquiri
966 1167 996 1222 et
1010 1161 1184 1238 Octogesam
1205 1160 1309 1220 adduci

230 1264 341 1325 iubent.
372 1262 407 1321 ld
430 1268 491 1324 erat
506 1263 643 1340 oppidum
667 1263 792 1340 positum
808 1264 845 1322 ad
860 1263 1001 1323 Hibemm
1016 1263 1152 1338 miliaque
1173 1279 1311 1339 passuum

230 1383 248 1424 a
270 1365 369 1426 castris
393 1366 493 1426 aberat
514 1386 584 1425 xxx.
629 1366 675 1425 Ad
700 1384 766 1426 cum
788 1366 883 1425 locum
910 1364 1038 1425 fluminis
1064 1365 1187 1425 navibus
1207 1363 1311 1424 iunctis

233 1473 352 1544 pontem
374 1468 517 1544 imperant
544 1467 608 1527 fieri
636 1468 821 1544 legionesque
850 1468 922 1528 duas
949 1467 1059 1528 flumen
1083 1467 1201 1528 Sicorim
1223 1472 1313 1526 trans

232 1570 343 1630 ducunt
366 1575 518 1645 castraque
540 1571 675 1630 muniunt
696 1571 773 1630 vallo
795 1571 902 1647 pedum
924 1590 976 1630 xu.

319 1667 376 1736 62.
400 1670 511 1746 Quare
532 1691 586 1750 per
599 1673 795 1749 exploratores
810 1673 926 1748 cognita
947 1690 1060 1732 summo
1078 1672 1177 1733 labore
1190 1671 1313 1731 militum
1367 1681 1373 1692 ·

231 1773 337 1834 Caesar
358 1774 525 1836 continuato
549 1775 624 1835 diem
646 1779 818 1852 noctemque
841 1793 927 1852 opere
948 1776 978 1834 in
1006 1774 1127 1834 flumine
1153 1773 1309 1834 avertendo

231 1875 289 1936 huc
311 1876 369 1935 iam
393 1877 553 1937 deduxerat
575 1895 644 1955 rem,
666 1882 700 1937 ut
721 1877 845 1954 equites,
868 1877 920 1938 etsi
942 1876 1097 1938 difficulter
1118 1881 1206 1952 atque
1227 1893 1314 1952 aegre

194 1987 209 2037 2
231 1977 338 2055 fiebat,
367 1985 485 2056 possent
506 1985 603 2039 tamen
626 1985 714 2056 atque
740 1980 879 2040 auderent
904 1979 1013 2039 flumen
1042 1980 1176 2051 transire,
1201 1978 1312 2056 pedites

231 2098 301 2141 vero
323 2085 436 2141 tantum
459 2083 546 2142 modo
568 2083 674 2143 umeris
696 2101 731 2142 ac
752 2101 866 2142 summo
887 2087 1004 2159 pectore
1025 2087 1171 2143 exstarent
1193 2086 1221 2142 et
1243 2099 1309 2142 cum

232 2183 382 2243 altitudine
403 2202 498 2259 aquae
521 2190 583 2243 tum
606 2185 692 2244 etiam
714 2185 866 2262 rapiditate
894 2183 1021 2245 fluminis
1043 2185 1081 2244 ad
1101 2183 1309 2244 transcundum

194 2293 209 2342 3
231 2284 445 2361 impedirentur.
495 2286 553 2346 Sed
576 2292 672 2347 tamen
695 2287 796 2348 eodem
818 2286 879 2348 fere
901 2293 1030 2365 tempore
1054 2305 1128 2364 pons
1149 2286 1179 2345 in
1201 2285 1311 2344 Hibero

232 2406 324 2465 prope
346 2386 468 2448 effectus
490 2388 679 2449 nuntiabatur
701 2394 730 2449 et
752 2389 781 2449 in
804 2389 894 2449 Sicori
915 2390 1023 2449 vadum
1045 2389 1247 2466 reperiebatur.

321 2484 376 2553 63.
399 2492 461 2548 Iam
483 2509 552 2551 vero
575 2509 609 2551 eo
631 2493 725 2568 magis
746 2491 787 2551 illi
807 2493 1012 2553 maturandum
1033 2493 1087 2552 iter
1101 2488 1312 2552 existimabant.

233 2594 335 2668 Itaque
364 2592 477 2652 duabus
506 2593 693 2654 auxiliaribus
715 2594 880 2655 cohortibus
907 2594 1018 2654 ilerdae
1046 2593 1187 2670 pracsidio
1208 2592 1312 2652 relictis

235 2695 369 2756 omnibus
403 2696 493 2773 copiis
524 2697 643 2756 Sicorim
676 2702 826 2758 transcunt
852 2703 881 2756 et
909 2715 975 2756 cum
1004 2696 1117 2756 duabus
1141 2695 1312 2773 legionibus,

196 2807 210 2857 2
238 2816 310 2874 quas
332 2798 528 2874 superioribus
550 2798 651 2858 diebus
673 2797 868 2874 traduxerant,
891 2803 984 2856 castra
999 2797 1188 2870 coniungunt.
1218 2796 1312 2856 Relin-

232 2900 376 2975 quebatur
399 2897 516 2958 Caesari
537 2899 622 2975 nihil,
651 2899 705 2958 nisi
726 2898 770 2957 uti
792 2897 921 2973 equitatu
948 2915 1052 2974 agmen
1081 2896 1310 2958 adversariorum

157 3001 166 3007 “
231 3002 308 3060 male
328 2999 447 3060 haberet
469 3004 498 3060 et
520 3005 656 3076 carperet.
690 3001 767 3060 Pons
789 3000 865 3060 enim
887 3000 977 3077 ipsius
999 3017 1138 3075 magnum
1161 2999 1310 3060 circuitum

232 3102 375 3178 habebat,
405 3107 439 3161 ut
460 3103 551 3162 multo
584 3102 715 3163 breviore
742 3103 843 3163 itinere
871 3102 911 3161 illi
938 3102 976 3161 ad
997 3101 1313 3178 Hibemmpervenire

197 3217 212 3267 a
234 3209 361 3281 possent.
384 3205 504 3281 Equites
526 3206 563 3265 ab
586 3224 620 3266 eo
635 3206 713 3266 missi
727 3204 838 3265 flumen
860 3210 1010 3265 transeunt
1024 3209 1061 3282 et,
1084 3222 1149 3264 cum
1171 3204 1208 3265 de
1228 3205 1313 3265 tertia

232 3307 332 3383 vigilia
360 3307 489 3368 Petreius
518 3313 606 3383 atque
626 3307 764 3368 Afranius
794 3313 887 3367 castra
912 3307 1082 3383 movissent,
1110 3311 1229 3383 repente
1250 3323 1313 3366 sese

233 3409 271 3469 ad
292 3409 479 3470 novissimum
502 3427 608 3485 agmen
630 3410 785 3470 ostendunt
807 3415 836 3469 et
857 3427 965 3486 magna
992 3408 1174 3469 multitudine
1196 3408 1311 3470 circum·

233 3510 299 3572 fusa
320 3511 427 3572 morari
448 3516 538 3587 atque
558 3511 697 3588 impedire
718 3511 771 3572 iter
792 3511 940 3589 incipiunt.

318 3607 373 3678 tl.
397 3606 496 3673 Pnirna
516 3614 580 3674 luce
594 3632 631 3673 cx
651 3614 847 3691 superioribus
868 3615 950 3694 locis,
972 3633 1047 3691 quae
1063 3613 1192 3674 Caesaris
1214 3612 1312 3674 castris

222 3720 316 3776 -erant
339 3716 508 3794 coniuncta,
539 3718 709 3777 cernebatur
730 3717 874 3793 equitatus
895 3718 986 3778 nostri
1013 3716 1122 3794 proelio
1143 3714 1314 3775 novissimos

233 3819 348 3878 illorum
370 3819 462 3895 premi
489 3819 685 3898 vehementer,
706 3853 749 3864 -
772 3838 806 3880 ac
831 3839 888 3881 non
918 3838 1078 3895 numquam
1099 3820 1241 3878 sustinere
1263 3835 1312 3878 ex·

198 3928 359 3983 ttremum
389 3939 494 3998 agmen
521 3927 609 3998 atque
635 3923 689 3984 iter
719 3923 902 4002 interrumpi,
936 3923 1005 3982 alias
1037 3919 1136 3980 inferri
1167 3920 1251 3996 signa
1283 3923 1313 3980 et
