2960 4500
630 265 653 319 I.
672 269 781 319 56-61.
1211 267 1250 323 27

170 458 245 500 nave
267 439 370 501 diversi
391 441 564 518 pugnabant
585 445 672 515 atque
694 439 723 500 in
746 439 870 500 hostium
889 459 979 501 naves
1000 440 1252 502 transcendebant.

168 523 211 602 Et
240 560 348 619 magno
375 561 497 603 numero
525 541 691 602 Albicorum
719 546 748 602 et
779 547 927 618 pastorum
955 541 1104 603 interfecto
1137 548 1251 618 partem

173 645 291 704 narium
314 645 486 722 deprimunt,
508 663 567 704 non
589 644 683 704 nullas
706 663 771 704 cum
793 643 956 704 hominibus
978 645 1105 721 capiunt,
1126 645 1252 721 reliquas

171 747 202 804 in
224 751 339 822 portum
362 749 545 824 compellunt.
584 747 628 806 Ec
654 746 699 806 die
721 764 810 806 naves
831 746 1049 806 Massiliensium
1071 747 1253 823 Domitiique

169 853 238 909 sunt
260 855 362 924 captae
383 868 422 926 vr,
443 848 613 909 interierunt
634 867 708 908 vrrrr.

258 943 312 1014 59.
335 951 401 1012 Hoc
431 951 573 1028 proelium
600 950 715 1012 Caesari
742 951 779 1010 ad
812 951 936 1010 Ilerdam
962 952 1127 1011 nuntiatur:
1162 951 1248 1012 simul

65 1051 69 1062 ’
173 1051 301 1128 perlecto
323 1058 412 1129 ponte
434 1053 561 1114 celeriter
586 1052 704 1113 fortuna
731 1056 867 1114 mutatur.
910 1053 954 1114 Illi
981 1055 1123 1130 perterriti
1144 1055 1287 1114 virtuter

172 1154 302 1228 equitum
333 1156 428 1216 minus
455 1155 559 1226 libere,
585 1155 679 1215 miuus
708 1156 844 1216 audacter
870 1156 1067 1232 vagabantur:
1097 1156 1167 1214 alias
1189 1173 1249 1215 non

172 1257 260 1334 longe
281 1276 299 1317 a
322 1259 420 1319 eastris
441 1259 586 1334 progressi
607 1258 714 1335 spatio,
736 1262 769 1318 ut
787 1259 910 1318 ,celerem
931 1263 1078 1335 receptum
1099 1257 1249 1333 haberent,

167 1359 338 1436 ¹angustiore
348 1361 571 1438 pabulabantur,
582 1361 652 1420 alias
666 1361 796 1437 longiore
811 1361 928 1422 circuitu
940 1361 1084 1422 custodias
1099 1361 1247 1422 stationes·
1269 1369 1284 1419 3

171 1479 229 1536 que
251 1462 379 1538 equitum
402 1463 534 1522 vitabant
555 1468 606 1523 aut
627 1463 724 1539 aliquo
749 1468 866 1540 accepto
888 1463 1059 1524 detrimento
1078 1469 1129 1525 aut
1150 1464 1250 1541 procul

171 1561 302 1639 equitatu
335 1565 396 1624 riso
430 1583 466 1624 ex
499 1565 593 1626 medio
629 1566 730 1626 itinere
765 1566 898 1642 proiectis
934 1567 1051 1628 sarcinis
1087 1566 1249 1644 fugiebant.

108 1694 112 1704 ·
175 1667 323 1727 Postremo
346 1672 375 1727 et
399 1669 497 1744 plures
518 1667 704 1728 intermittere
732 1668 792 1728 dies
818 1673 847 1729 et
873 1675 987 1745 praeter·
1016 1667 1253 1730 consuetudinem

174 1768 304 1828 omnium
326 1774 414 1830 noctu
435 1770 618 1830 instituerant
638 1770 780 1846 pabulari.

167 1939 170 1944 ⁵
258 1864 315 1933 60.
338 1872 455 1932 Interim
473 1871 612 1932 Oscenses
627 1876 656 1932 et
671 1871 893 1949 Calagurritani,
915 1873 1063 1949 quierant
1078 1872 1254 1934 Oscensibus

173 1972 343 2050 contributi,
372 1973 489 2034 mittunt
519 1973 557 2032 ad
586 1991 652 2032 eum
678 1973 788 2050 legatos
816 1991 936 2049 seseque
963 1975 1104 2051 imperata
1126 1974 1254 2036 facturos

174 2075 353 2151 pollicentur.
382 2075 444 2136 Hos
459 2075 689 2135 Tarraconenses
704 2078 733 2134 et
754 2075 881 2136 Iacetani
895 2080 924 2135 et
943 2075 1081 2136 Ausetani
1104 2081 1133 2137 et
1153 2077 1254 2153 paucis
1276 2082 1290 2131 2

176 2183 242 2254 post
270 2177 371 2237 diebus
404 2179 667 2254 Illurgavonenses,
700 2177 751 2253 qui
782 2176 892 2237 flumen
925 2178 1066 2238 Hiberum
1099 2179 1254 2256 attingunt7

175 2283 375 2355 insequuntur.
419 2279 495 2339 Petit
522 2280 560 2339 ab
589 2279 633 2338 his
660 2279 808 2356 omnibus,
840 2285 873 2338 ut
904 2298 936 2340 se
968 2279 1114 2341 frumento
1147 2281 1292 2344 iuventa

176 2381 352 2442 Pollicentur
366 2386 453 2458 atque
468 2381 602 2442 omnibus
623 2381 752 2457 undique
774 2381 939 2457 conquisitis
959 2382 1094 2443 iumentis
1108 2383 1137 2441 in
1161 2389 1255 2443 castra

167 2483 339 2562 deportant.
368 2485 485 2544 'lbansit
506 2485 592 2544 etiam
607 2483 709 2544 cohors
723 2483 966 2562 Illurgavonensis
988 2485 1025 2544 ad
1048 2503 1114 2546 eum
1137 2485 1254 2566 cognito
1278 2501 1293 2550 4

169 2585 301 2659 ¹civitatis
324 2586 440 2646 consilio
456 2591 485 2645 et
505 2586 590 2662 signa
611 2604 647 2645 ex
668 2586 791 2646 statione
813 2585 955 2647 transfert.
988 2581 1107 2669 [Magna
1128 2589 1255 2648 celeriter

180 2688 366 2747 commutatio
388 2688 503 2762 rerum]
537 2686 668 2748 Perfecto
689 2693 787 2765 ponte,
809 2690 921 2765 magnis
943 2690 1072 2766 quinque
1093 2691 1255 2750 civitatibus
1279 2705 1293 2752 5

167 2772 213 2850 sad
235 2789 388 2851 amicitiam
403 2790 552 2859 adiunctis,
575 2790 710 2866 expedita
729 2809 760 2850 re
782 2789 978 2864 frumentaria,
1001 2792 1146 2854 exstinctis
1161 2811 1255 2852 rumo-

175 2893 254 2953 ribus
276 2893 312 2953 de
334 2893 446 2954 auxiliis
467 2894 623 2972 legionum,
645 2912 721 2970 quae
736 2913 801 2955 eum
816 2895 954 2972 Pompeio
976 2914 1028 2973 per
1042 2896 1252 2956 Mauretaniam

176 2996 273 3056 venire
303 2995 488 3068 dicebantur,
521 2997 629 3056 multae
657 2996 872 3073 longinquiores
905 2998 1033 3060 cimtates
1066 3000 1103 3059 ab
1130 2997 1251 3058 Afranio

175 3097 336 3157 desciscunt
357 3102 386 3158 et
409 3097 538 3158 (lassaris
560 3099 713 3158 amicitiam
735 3104 905 3174 sequuntur.

260 3192 318 3265 dl.
343 3198 454 3274 Quibus
476 3201 562 3260 rebus
583 3199 739 3276 perterritis
761 3199 862 3259 animis
888 3201 1115 3262 adversariorum
1139 3201 1254 3278 Caesar,

176 3319 213 3360 ue
234 3319 347 3379 semper
368 3321 475 3380 magno
498 3302 616 3364 circuitu
631 3320 683 3378 per
703 3306 822 3378 pontem
844 3303 988 3378 equitatus
1003 3307 1077 3362 esset
1090 3303 1256 3381 mittendus,

177 3409 278 3464 nactus
299 3405 434 3466 idoneum
456 3408 552 3468 locum
587 3404 680 3466 fossas
710 3404 818 3482 pedum
840 3425 901 3464 xxx
922 3404 951 3464 in
977 3404 1156 3465 latitudinem
1180 3425 1255 3466 eom-

176 3506 274 3581 plures
294 3505 389 3567 facere
410 3509 545 3587 instituit,
575 3509 681 3585 quibus
701 3511 814 3583 partem
836 3507 960 3583 aliquam
986 3507 1089 3568 Sicoris
1111 3513 1257 3569 averteret

176 3606 342 3683 vadumque
363 3609 392 3668 in
415 3628 448 3670 eo
470 3609 591 3671 flumine
612 3609 750 3670 efiiceret.
788 3609 841 3670 His
863 3628 955 3686 paene
977 3609 1089 3672 effectis
1111 3627 1251 3686 magnum
1279 3623 1293 3672 2

175 3712 205 3771 in
233 3713 364 3774 timorem
393 3713 529 3776 Afranius
558 3716 744 3791 Petreiusque
780 3716 965 3794 perveniunt,
994 3733 1031 3774 ne
1059 3713 1176 3775 omnino
1199 3714 1258 3776 fru.

176 3821 274 3878 mento
296 3817 743 3895 pabuloqueintercluderentur,
765 3817 844 3894 quod
859 3818 981 3877 multum
997 3816 1103 3876 Caesar
1124 3817 1255 3893 equitatu

176 3920 300 3980 valebat.
334 3919 437 3994 Itaque
459 3919 637 3980 constituunt
659 3920 713 3980 illis
735 3919 804 3980 locis
825 3919 962 3980 excedere
985 3924 1013 3978 et
1028 3917 1058 3977 irr
1074 3918 1256 3979 Celtiberiam
