2964 4506
548 367 550 374 Α
594 281 599 290 ’
672 291 693 346 1.
713 295 789 345 1-1.
1252 289 1271 347 3

189 482 318 540 tempore
346 466 510 527 iniunxerat
539 465 669 544 Caesari3
702 467 789 525 simul
818 465 941 544 infamia
970 443 1093 524 duarum
1120 466 1267 542 legionum
1290 475 1304 524 5

188 573 350 644 permotus,
378 587 450 643 quas
472 571 510 628 ab
531 569 633 630 itinere
654 570 743 628 Asiae
766 569 926 646 Syriaeque
948 567 984 626 ad
1010 586 1092 628 suam
1114 569 1273 644 potentiam

82 724 84 732 .
190 670 429 746 dominatumque
452 675 639 747 converterat,
660 688 720 730 rem
743 670 780 729 ad
802 669 1009 738 armadeduoi
1030 669 1173 730 studebat.

275 767 316 836 5.·
337 773 392 832 His
425 773 461 832 de
490 775 584 833 oausis
608 778 739 848 aguntur
768 772 865 832 omnia
893 773 998 849 raptim
1032 778 1120 849 atque
1149 774 1271 834 turbate.

189 873 252 934 Neo
273 874 395 934 dooondi
411 875 540 935 Caesaris
561 875 733 951 propinquis
748 875 809 934 eius
827 874 951 949 spatium
975 874 1061 935 datur
1074 893 1128 936 neo
1149 875 1272 936 tribunis

189 976 282 1050 plebis
303 977 350 1035 sui
379 977 499 1051 perieuli
527 976 701 1051 depredandi
723 994 817 1052 neque
839 975 925 1036 etiam
953 977 1073 1036 extremi
1095 977 1165 1037 iuris
1186 979 1272 1037 inter-

191 1077 327 1138 cessionis
348 1078 502 1157 retinendi‚
532 1079 611 1154 quod
632 1079 665 1138 L.
688 1079 769 1139 Sulla
790 1079 959 1155 reliquerat,
981 1077 1104 1139 facultas
1125 1080 1272 1158 tribuitur,

189 1181 241 1240 sed
262 1180 299 1240 de
320 1199 374 1241 sua
395 1183 488 1242 salute
508 1184 631 1256 septimo
654 1181 700 1242 die
722 1182 849 1258 cogitare
870 1186 1029 1258 eoguntur,
1051 1182 1130 1256 quod
1151 1183 1193 1240 illi
1215 1188 1272 1242 tur-
1295 1189 1309 1240 2

189 1282 380 1343 bulentissimi
394 1285 592 1358 superioribus
606 1284 785 1360 temporibus
800 1283 907 1344 tribuni
921 1283 1013 1359 plebis
1028 1289 1130 1344 oetavo
1146 1285 1272 1360 deniquo

189 1402 288 1445 mense
315 1404 432 1445 suarum
462 1387 607 1447 actionum
636 1386 777 1460 respicere
803 1404 837 1446 ao
864 1387 965 1446 timere
993 1391 1173 1448 consuerant.
1216 1387 1272 1447 De
1294 1395 1308 1444 3

190 1485 313 1544 oumitur
341 1484 379 1543 ad
400 1485 473 1545 illud
496 1489 657 1545 extremum
686 1490 774 1560 atquo
802 1484 934 1544 ultimum
963 1489 1079 1544 senatus
1101 1487 1272 1550 oonsultum,

189 1604 247 1661 quo
275 1586 331 1646 nisi
359 1604 452 1663 paene
480 1589 511 1647 in
539 1590 602 1662 ipso
629 1587 709 1647 urbis
738 1586 871 1646 incendio
900 1591 988 1662 atque
1012 1589 1044 1646 in
1072 1587 1272 1664 desperatione

189 1687 317 1748 omnium
346 1689 446 1749 salutis
474 1694 639 1750 senatorum
668 1688 792 1749 audaoia
818 1706 978 1763 numquam
1007 1694 1074 1749 ante
1103 1689 1271 1749 deseensum

191 1793 249 1850 est:
273 1790 342 1850 dent
363 1809 481 1865 operam
503 1791 642 1865 eonsules,
663 1796 822 1868 praetores,
845 1791 1066 1868 tribuniplebis
1088 1793 1198 1867 quique
1218 1811 1271 1867 pro

192 1890 357 1950 oonsulibus
378 1891 436 1951 sint
450 1892 487 1951 ad
503 1893 613 1960 urbem,
635 1910 673 1952 ne
694 1893 766 1968 quid
784 1910 830 1952 res
850 1891 967 1967 publiea
988 1893 1152 1952 detrimenti
1167 1895 1270 1968 oapiat.

194 1993 275 2053 Haeo
296 1998 412 2054 senatus
435 1995 566 2054 oonsulta
586 1994 803 2070 persoribuntur
825 2012 851 2054 a.
875 1993 902 2052 d.
924 2013 976 2055 vn.
998 1994 1040 2052 Id.
1064 1994 1126 2055 lan.
1169 1995 1274 2070 Itaque
1294 2005 1309 2057 4

190 2115 210 2154 v
230 2097 333 2172 primis
354 2095 465 2173 diebus,
488 2097 593 2171 quibus
614 2096 716 2156 haberi
734 2100 850 2156 senatis
872 2089 976 2173 potnit,
999 2114 1057 2171 quo
1080 2113 1117 2155 ex
1139 2095 1184 2156 die
1207 2115 1271 2157 oon-

192 2199 317 2258 sulalum
346 2199 414 2259 iniit
434 2199 586 2276 Lentulus,
614 2198 703 2258 biduo
731 2203 852 2272 exeepto
876 2199 1014 2258 oomitiali
1043 2203 1071 2258 et
1092 2198 1129 2258 de
1150 2198 1270 2272 imperio

192 2299 322 2361 Caesaris
355 2305 384 2360 et
416 2300 453 2360 de
484 2300 664 2377 amplissimis
694 2301 781 2376 viris,
814 2299 937 2360 tribunis
964 2299 1070 2378 plebis,
1103 2301 1270 2376 gravissime

192 2402 432 2478 acerbissimeque
460 2402 629 2463 deoemitur.
673 2402 847 2478 Profuginnt
874 2402 970 2461 statim
999 2419 1036 2461 11
1063 2402 1136 2461 urbe
1162 2402 1310 2464 tribunio

190 2504 283 2580 plebis
315 2522 435 2580 seseque
465 2505 502 2564 ad
535 2504 686 2565 Gaesarem
722 2503 883 2565 conferunt.
928 2503 956 2562 Is
989 2521 1024 2563 eo
1052 2509 1181 2579 tempore
1211 2510 1273 2565 erat

194 2607 351 2665 Ravennae
372 2607 618 2682 exspectabatque
639 2605 698 2665 suis
720 2605 874 2665 lenissimis
901 2605 1053 2680 postulatis
1073 2623 1226 2682 responsa,
1248 2607 1273 2666 si

192 2726 252 2783 qua
272 2707 422 2767 hominum
437 2707 583 2782 aequitate
604 2725 649 2767 res
664 2707 701 2766 ad
723 2708 815 2767 otium
837 2706 940 2767 dednoi
962 2712 1069 2782 posset.

275 2803 309 2873 6.
332 2809 475 2870 Proximis
487 2809 591 2870 diebus
611 2809 735 2870 habetur
750 2813 831 2868 extra
845 2810 946 2869 urbem
962 2812 1087 2868 senatus.
1116 2810 1273 2886 Pompeius
1344 2857 1346 2860 .

192 2912 292 2972 eadem
306 2911 363 2990 illa,
378 2929 453 2987 quae
467 2930 519 2987 per
535 2911 698 2987 Scipionem
714 2913 885 2989 ostenderat,
906 2913 982 2990 agit3
1005 2917 1122 2972 senatus
1136 2914 1273 2975 virtutem

193 3016 442 3090 constantiamque
464 3015 634 3094 oonlaudat3
658 3017 756 3090 oopias
778 3033 845 3075 suas
863 3015 995 3089 exponit:
1018 3015 1146 3091 legiones
1167 3014 1309 3076 haberet

192 3132 255 3175 sese
275 3119 391 3191 paratas
413 3135 448 3192 x3
479 3120 628 3190 praeterea
650 3119 799 3192 cognitum
822 3121 1059 3193 compertumque
1080 3117 1136 3176 sibi
1177 3117 1271 3178 alieno

192 3234 254 3278 esse
276 3217 374 3276 animo
396 3217 426 3276 in
449 3217 601 3277 Gaesarem
623 3217 727 3277 milites
749 3235 844 3292 neque
864 3217 900 3276 iis
921 3234 1007 3293 posse
1026 3218 1208 3294 persuaderi,
1229 3220 1272 3279 nti

193 3339 258 3380 eum
270 3319 428 3380 defendant
439 3325 491 3380 aut
504 3325 663 3396 sequantur
673 3321 783 3380 saltem.
804 3320 850 3380 De
861 3319 978 3394 reliquis
989 3319 1075 3379 rebus
1090 3319 1128 3378 ad
1142 3325 1274 3379 senatum
1294 3332 1309 3380 3

191 3421 327 3482 retertur:
350 3427 412 3483 tota
426 3417 511 3484 Italia
525 3422 646 3484 dileotus
659 3423 814 3502 habeatur3
838 3423 962 3482 Faustus
978 3421 1059 3482 Sulla
1071 3438 1125 3496 pro
1139 3427 1273 3498 praetore

191 3526 223 3584 in
237 3525 448 3584 Mauretaniam
462 3527 609 3604 mittatur3
631 3527 757 3602 poeonia
777 3527 872 3586 111111
891 3525 1002 3584 aerario
1018 3525 1157 3600 Pompeio
1180 3524 1273 3588 detur.

192 3623 327 3685 Refertur
348 3627 436 3684 etiam
459 3625 495 3686 de
516 3644 585 3702 rege
606 3627 690 3703 Iuba,
711 3631 745 3686 ut
765 3627 861 3687 sooius
882 3625 919 3686 sit
941 3629 1029 3700 atque
1050 3625 1176 3702 amious3
1199 3624 1311 3686 Mar-4

192 3727 279 3787 oellus
300 3727 407 3788 house
428 3745 581 3804 passurum
603 3729 634 3787 in
655 3727 818 3804 praesentia
830 3732 933 3804 negat
958 3727 1004 3786 De
1018 3726 1127 3786 Fausto
1149 3727 1273 3802 impedit

192 3829 359 3908 Philippus,
381 3830 514 3889 tribunus
535 3830 638 3906 plebis.
684 3830 730 3890 De
751 3830 870 3905 reliquis
896 3830 983 3890 rebus
1004 3833 1121 3888 senatus
1144 3830 1309 3889 consultat

193 3931 420 4006 perscribuntur.
465 3931 635 3992 Pr0vinoiae
657 3933 779 4008 privatis
794 3931 994 4012 deoemuntnr‚
1009 3929 1085 3990 duae
1100 3931 1272 4009 consulares,

1085 4025 1115 4080 1*
