2960 4500
661 195 711 250 111.
730 198 840 249 83-87.
1222 190 1282 249 103

205 375 230 432 si
261 373 367 450 iniquis
392 375 467 434 locis
495 372 604 433 ansar
633 389 665 430 se
686 371 834 431 subiceret.
879 368 985 428 Caesar
1013 369 1094 428 nullu
1114 367 1225 429 ratione
1246 367 1319 426 adi

205 495 338 553 pugnam
350 477 412 537 elici
422 493 507 554 posse
512 465 684 551 Pompeium
695 473 861 543 existimans
872 472 947 532 banc
957 471 1011 531 sibi
1023 470 1283 531 commodissimam

205 578 275 638 belli
290 579 430 639 rationem
445 578 591 648 iudicavit,
613 576 656 636 uti
678 580 771 636 castra
785 593 821 635 ex
836 593 870 635 eo
892 575 956 634 loeo
970 579 1099 634 moveret
1112 589 1284 648 semperque

205 685 278 741 esset
300 681 333 740 in
355 681 512 757 itineribus,
535 678 606 739 haec
627 683 773 754 spectans,
795 682 828 737 ut
848 676 999 736 movendis
1022 676 1121 736 eastris
1142 675 1283 751 plmibus·

205 800 261 858 que
283 783 421 843 adeundis
447 783 517 843 locis
540 780 733 842 commodiore
754 797 785 839 re
813 777 1003 839 frumentaria
1024 783 1166 854 uteretur,
1188 776 1283 836 simul·

203 903 262 959 que
282 886 311 944 in
334 886 440 946 itinere
460 889 494 944 ut
507 885 634 961 aliquam
649 883 827 944 occasionem
849 881 1002 942 dimicandi
1023 879 1234 940 nancisceretur
1255 882 1284 938 et

206 985 353 1046 insolitum
369 987 406 1046 ad
421 988 550 1047 laborem
565 985 687 1061 Pompei
700 986 858 1045 exercitum
874 983 1025 1044 cotidianis
1036 982 1190 1044 itineribus
1205 979 1282 1040 defa

205 1087 318 1164 tigaret.
350 1089 404 1148 His
427 1089 587 1150 constitutis
600 1089 695 1164 rebus,
717 1087 801 1164 signo
814 1087 872 1146 iam
894 1085 1080 1163 profectionis
1102 1085 1170 1144 dato
1191 1084 1283 1143 taber-
1304 1091 1319 1138 3

205 1191 374 1267 naeniisque
396 1191 519 1252 detensis
535 1191 663 1250 animum
682 1190 835 1249 adversum
857 1193 900 1248 est
921 1189 1008 1265 paulo
1030 1191 1098 1247 ante
1113 1191 1193 1246 extra
1216 1185 1282 1246 coti-

205 1291 323 1350 dianam
347 1293 584 1354 consuetudinem
605 1293 722 1368 longius
744 1291 859 1350 avallo
881 1309 943 1350 esse
964 1291 1056 1351 aciem
1075 1290 1197 1365 Pompei
1218 1306 1282 1364 pre

206 1411 350 1472 gressam,
379 1399 412 1454 ut
440 1413 499 1456 non
528 1395 629 1470 iniquo
656 1394 719 1454 loeo
740 1411 825 1469 posse
851 1393 982 1453 dimicari
1009 1391 1162 1452 videretur.
1206 1391 1320 1450 Tums

205 1494 311 1556 Caesar
325 1496 404 1571 apud
425 1515 502 1574 suos,
524 1515 590 1558 cum
605 1498 664 1556 iam
679 1501 754 1556 esset
768 1491 873 1572 agmen
894 1495 924 1554 in
945 1494 1044 1572 portis,
1063 1484 1282 1554 ‘Differendum

206 1587 269 1674 est’,
286 1598 395 1677 inquit,
413 1591 482 1660 ‘iter
503 1599 532 1658 in
555 1599 717 1677 praesentia
737 1599 823 1659 nobis
844 1603 873 1658 et
895 1598 931 1658 de
954 1598 1064 1674 proelio
1087 1596 1283 1673 cogitandum,

203 1699 278 1759 sicut
292 1717 406 1776 semper
421 1700 649 1778 depoposcimus.
674 1701 779 1760 Animo
802 1702 892 1760 simus
907 1683 944 1759 ad
959 1698 1152 1758 dimicandum
1175 1697 1281 1772 parati:

202 1819 261 1860 non
283 1799 368 1862 facile
390 1803 568 1863 occasionem
598 1808 700 1880 postea
720 1791 914 1879 reperiemus',
938 1800 1147 1876 confestimque
1169 1798 1282 1873 expedi·

203 1908 247 1962 tus
269 1905 368 1980 copias
390 1903 494 1964 educit

289 2000 345 2068 86.
369 2005 527 2082 Pompeius
555 2024 687 2084 quoque,
715 2011 748 2065 ut
778 2010 880 2081 postea
909 2004 1056 2081 cognitum
1082 2008 1141 2079 est,
1162 2020 1281 2062 suorum

202 2109 334 2166 omnium
356 2108 472 2169 hortatu
494 2113 635 2169 statuerat
656 2108 764 2184 proelio
791 2109 944 2169 decertare.
986 2106 1122 2182 Namque
1143 2105 1229 2165 etism
1251 2105 1281 2164 in

201 2209 318 2269 consilio
361 2212 518 2287 superioris
551 2211 607 2270 diei
660 2210 786 2280 dixerat,
833 2210 915 2286 prius
953 2226 1041 2284 quam
1080 2212 1281 2268 concurrerent

201 2309 285 2386 acies,
306 2309 377 2387 fore,
401 2312 443 2372 uti
458 2312 599 2373 exercitus
615 2312 745 2372 Caesaris
761 2311 923 2389 pelleretur.
952 2310 987 2369 Id
1002 2328 1067 2370 eum
1084 2315 1180 2370 essent
1200 2311 1284 2386 pleri·
1306 2315 1320 2364 2

200 2428 258 2485 que
272 2411 413 2492 admirati,
424 2405 505 2474 ‘Scio
520 2408 586 2492 me'‚
600 2414 704 2490 inquit,
723 2403 829 2490 ‘paene
850 2411 1045 2471 incredibilem
1060 2429 1120 2471 rem
1134 2410 1278 2488 polliceri3

200 2512 251 2572 sed
273 2513 413 2574 rationem
436 2516 548 2576 consilii
569 2518 627 2576 mei
642 2515 774 2593 accipite,
796 2532 855 2590 quo
877 2513 1006 2574 firmiore
1020 2514 1117 2574 animo
1140 2513 1177 2573 ad
1198 2531 1280 2590 prce

200 2613 440 2690 liumprodoatis.
470 2617 603 2676 Persuasi
618 2616 764 2693 equitibus
779 2619 885 2677 uostris
907 2615 1008 2695 (idque
1022 2615 1094 2676 mibi
1107 2634 1139 2676 se
1153 2614 1281 2676 facturos
1301 2624 1317 2673 3

200 2714 468 2796 confirmaverunt),
490 2723 531 2796 ut,
554 2737 619 2779 cum
641 2718 760 2796 propius
782 2725 857 2780 esset
879 2737 1032 2798 accessum,
1054 2719 1187 2779 dextrum
1210 2717 1278 2778 One

199 2820 271 2878 saris
300 2836 389 2879 cornu
419 2821 456 2881 ab
478 2821 567 2882 latere
595 2825 695 2898 aperto
723 2821 948 2898 adgrederentur
973 2827 1003 2881 et
1035 2821 1229 2882 circumventa
1261 2837 1279 2878 a

201 2925 283 2996 tergo
298 2921 360 2981 acie
379 2924 461 2998 prius
482 2924 682 3000 perturbatum
702 2923 858 2984 exercitum
880 2925 1028 3001 pellerent,
1050 2940 1172 3002 quama
1192 2923 1279 2982 nobis

202 3021 292 3080 telum
312 3024 343 3082 in
365 3022 477 3084 bostem
491 3025 642 3088 iaceretur.
675 3026 721 3085 Ita
741 3026 803 3085 sine
824 3025 951 3102 periculo
974 3025 1121 3102 legionum
1137 3029 1166 3084 et
1186 3042 1280 3101 paene
1301 3033 1316 3082 4

199 3122 262 3183 sine
276 3125 395 3206 vulnere
410 3109 518 3186 bellum
534 3125 727 3187 conficiemus.
758 3127 799 3186 ·Id
813 3132 911 3188 autem
925 3125 1043 3188 difficile
1057 3145 1116 3186 non
1138 3132 1189 3204 est,
1211 3145 1277 3188 eum

198 3230 311 3286 tantum
333 3230 465 3304 equitatu
487 3225 653 3292 valeamus'.
675 3229 774 3290 Simul
796 3229 986 3308 denuntiavit,
1008 3233 1041 3289 ut
1063 3233 1158 3289 essent
1180 3229 1276 3289 animo
1299 3235 1314 3284 5

198 3329 291 3403 parati
311 3329 341 3388 in
368 3336 515 3406 posterum
538 3336 582 3410 et,
611 3333 749 3408 quoniam
777 3330 862 3392 fieret
890 3330 1045 3392 dimicandi
1074 3335 1216 3406 potestas,
1244 3335 1277 3390 ut

198 3447 285 3507 saepe
299 3432 509 3512 negitavissent
530 3451 568 3494 ne
582 3452 665 3493 suam
679 3452 737 3495 neu
752 3435 929 3510 reliquorum
945 3433 1111 3511 opinionem
1132 3431 1274 3494 foderent.

285 3529 342 3599 87.
365 3535 452 3595 Hunc
465 3535 613 3595 Labienus
628 3536 742 3612 excepit
763 3540 805 3614 et,
828 3555 893 3596 cum
910 3536 1041 3596 Caesaris
1063 3535 1160 3611 copias
1182 3535 1276 3612 despi-

199 3640 282 3712 ceret,
304 3636 426 3714 Pompei
448 3637 597 3697 consilium
611 3637 730 3698 summis
751 3637 886 3699 laudibus
908 3637 1033 3716 efferret,
1051 3626 1153 3714 ‘Noli',
1175 3637 1277 3714 inquit,
1298 3645 1312 3694 2

196 3723 387 3815 ‘existimem
412 3739 543 3815 Pompei,
564 3737 642 3798 bunc
663 3756 725 3799 esse
746 3739 915 3815 exercitum,
936 3739 987 3814 qui
1010 3737 1133 3800 Galliam
1155 3736 1275 3800 Germa-

198 3835 333 3914 niamque
355 3839 497 3901 devicerit.
541 3839 684 3902 Omnibus
704 3840 822 3903 interfui
843 3841 959 3918 proeliis
988 3858 1084 3918 neque
1105 3846 1213 3902 temere
1233 3841 1273 3898 in-
