2960 4500
615 257 636 312 1.
656 261 766 312 23—27.
1196 258 1233 316 13

149 449 168 492 e
190 430 307 508 regione
322 431 404 492 molis
420 432 599 496 conlocabat.
642 433 704 492 Has
719 433 865 508 quaternis
880 432 991 493 ancoris
1006 450 1042 492 ex
1057 451 1102 492 rm
1116 433 1230 510 angulis
1252 443 1267 492 τ

150 533 323 612 destinabat,
344 553 381 594 ue
402 533 538 595 fluctibus
560 540 753 597 moverentur.
786 535 840 596 His
862 534 995 613 perfectis
1017 535 1229 612 conlocatisque
1251 543 1266 594 8

148 637 220 696 alias
242 635 375 713 deinceps
396 639 460 714 pari
474 637 673 714 magnitudine
694 642 770 697 rates
784 637 932 714 iungebat
961 638 1023 698 Has
1045 643 1121 699 terra
1142 643 1230 714 atque
1252 646 1267 696 9

146 755 256 814 aggero
277 737 433 814 integebat,
454 757 491 798 ue
512 739 607 799 aditus
629 744 717 815 atque
737 739 867 800 incursus
882 740 920 798 ad
941 738 1155 800 defendendum
1176 739 1229 799 irn-

148 840 309 918 pediretur3
336 859 355 900 a
374 839 470 900 fronte
491 845 579 916 atque
600 841 637 900 ab
659 846 783 917 utroque
808 842 898 902 latere
920 841 1045 902 cratibus
1066 860 1101 902 ac
1122 841 1227 916 pluteis

147 943 335 1020 protegebat3
358 942 388 1001 in
403 947 507 1018 quarta
529 961 644 1019 quaque
659 961 758 1004 earum
774 948 866 1003 turres
880 944 1016 1004 binorum
1030 944 1227 1003 tabulatorum
1251 952 1279 1002 10

147 1044 308 1121 exuebat,
351 1063 409 1120 quo
446 1045 622 1106 commodius
658 1047 695 1106 ab
732 1046 842 1123 impetu
878 1046 997 1106 navium
1032 1045 1228 1122 incendiisque

144 1145 322 1210 defenderet.

232 1242 284 1308 26.
308 1247 416 1308 Ooutra
436 1247 508 1310 haec
529 1249 684 1326 Pompeius
707 1267 795 1309 naves
817 1267 939 1326 magnas
966 1249 1125 1326 onerarias,
1154 1267 1226 1324 quas

146 1349 178 1408 in
201 1354 286 1426 portu
309 1350 483 1410 Brundisino
506 1350 745 1428 deprehenderat,
766 1351 938 1412 adornabat.
982 1351 1026 1410 lbi
1048 1355 1141 1410 turres
1161 1369 1228 1411 cum

146 1451 235 1512 ternis
257 1451 392 1512 tabulatis
414 1452 544 1529 erigebat
557 1469 663 1528 easque
684 1452 781 1513 multis
803 1453 951 1513 tormentis
973 1458 1002 1513 et
1024 1453 1102 1512 omni
1124 1471 1230 1530 genere

146 1555 270 1615 telorum
286 1557 441 1629 completas
456 1556 493 1615 ad
508 1573 597 1632 opera
612 1555 741 1616 Caesaris
756 1556 928 1634 adpellebat,
949 1561 983 1616 ut
1003 1560 1079 1616 rates
1100 1573 1228 1633 perrum-

146 1661 228 1734 peret
249 1663 337 1733 atque
352 1676 440 1735 opera
461 1659 643 1721 disturbaret
676 1658 724 1719 Sic
745 1658 848 1719 cotidie
862 1658 1007 1734 utrimque
1029 1659 1142 1718 eminus
1163 1656 1228 1716 fun·

145 1759 199 1834 dis,
220 1761 335 1835 sagittis
349 1760 523 1836 reliquisque
544 1761 609 1821 telis
630 1761 826 1838 pugnabatur.
855 1763 953 1836 Atque
973 1759 1046 1821 haec
1060 1759 1166 1820 ansar
1187 1759 1227 1820 ita
1248 1768 1263 1818 2

144 1861 376 1939 administrabat,
397 1867 431 1921 ut
452 1861 632 1922 condiciones
653 1864 733 1938 pacis
755 1863 939 1922 dimittendas
954 1881 1012 1922 uon
1035 1861 1224 1939 existimaret3

144 1980 180 2023 ac
194 1964 309 2023 tametsi
323 1981 501 2040 magnopere
523 1963 719 2023 admirabatur
733 1963 871 2041 Magium,
893 1962 1033 2038 quemad
1054 1963 1225 2038 Pompeium

144 2083 212 2126 cum
233 2065 376 2124 mandatis
397 2066 515 2125 miserat
551 2065 588 2124 ad
615 2083 647 2124 se
672 2083 731 2124 nou
752 2065 857 2124 remitti
892 2069 981 2139 atque
1008 2081 1043 2122 ea
1073 2081 1118 2123 res
1139 2081 1226 2140 saepe

146 2171 288 2241 temptata
309 2166 362 2226 etsi
383 2168 508 2243 impetus
530 2167 591 2226 eius
613 2165 788 2242 consiliaque
806 2167 948 2243 tardabat,
970 2170 1066 2226 tamar
1089 2167 1224 2226 omuibus

145 2269 231 2329 rebus
253 2269 283 2327 in
305 2287 339 2329 eo
360 2269 603 2346 perseverandum
625 2269 758 2345 putabat
788 2269 891 2344 Itaque
914 2267 1068 2328 Caninium
1092 2269 1225 2329 Rebilum
1246 2277 1261 2326 3

145 2371 282 2447 legatum,
302 2369 475 2432 familiarem
496 2371 746 2447 necessariumque
768 2370 908 2432 Scribonii
929 2370 1060 2448 Libonis,
1082 2371 1168 2430 mittit
1189 2371 1227 2430 ed

146 2490 213 2532 eum
236 2474 380 2549 conloquii
402 2493 498 2536 eausa.
528 2475 656 2550 Mandat,
677 2479 710 2534 ut
731 2473 873 2534 Libonem
895 2473 932 2532 de
953 2473 1132 2534 concilianda
1152 2491 1225 2550 paee

146 2571 288 2651 hortetur3
311 2574 461 2651 imprimis,
475 2580 509 2634 ut
522 2575 585 2651 ipse
600 2593 664 2634 cum
680 2575 818 2651 Pompeio
833 2576 1061 2651 conloqueretur,
1083 2577 1223 2652 postulat:

145 2693 322 2752 magnopere
349 2694 411 2737 sese
440 2675 585 2737 confidere
613 2677 803 2754 demonstrat,
832 2677 856 2737 si
885 2677 945 2737 eius
975 2677 1016 2737 rei
1043 2677 1080 2737 sit
1100 2682 1265 2754 potestas4

146 2776 238 2854 facta,
259 2777 337 2856 fore,
358 2784 391 2839 ut
412 2779 512 2854 aequis
534 2779 748 2839 condicionibus
769 2780 807 2839 ab
830 2779 916 2841 nmis
937 2779 1115 2858 discedatur3
1146 2780 1226 2839 cuius

145 2878 188 2937 rei
208 2894 344 2953 magnam
366 2883 478 2954 partem
500 2873 594 2938 laudis
613 2882 701 2953 atque
715 2877 933 2938 existimationis
948 2878 986 2937 ad
1000 2877 1141 2939 Libonem
1162 2896 1225 2954 per·

146 2983 312 3056 venturam,
338 2979 361 3038 si
384 2979 432 3039 illo
454 2984 572 3040 auctore
593 2985 681 3055 atque
702 2985 807 3056 agente
828 2982 866 3040 ab
888 2982 976 3040 armis
1003 2981 1039 3040 sit
1061 2981 1226 3042 decessum.

146 3080 219 3140 Libo
241 3098 259 3138 a
282 3082 435 3155 conloquio
459 3080 570 3141 Caninii
600 3082 744 3156 digressus
765 3081 803 3140 ed
825 3083 994 3158 Pompeium
1023 3082 1225 3158 proficiscitur.
1248 3095 1263 3144 5

147 3182 237 3242 Paulo
259 3186 325 3258 post
346 3183 501 3259 renuntiat,
524 3182 601 3258 quod
624 3183 755 3242 consules
776 3183 881 3259 absint,
902 3184 964 3244 sine
983 3184 1038 3244 illis
1060 3203 1119 3244 non
1140 3203 1225 3261 posse

145 3284 194 3360 agi
215 3285 251 3344 de
273 3284 488 3361 compositione.
513 3280 559 3344 Ita
580 3284 695 3361 saepius
715 3303 775 3344 rem
797 3283 905 3345 frustra
926 3290 1096 3360 temptatam
1119 3286 1225 3347 Caesar
1247 3299 1262 3347 6

146 3386 301 3462 aliquando
323 3387 522 3448 dimittendam
545 3387 599 3447 sibi
620 3387 728 3447 iudicat
750 3388 837 3448 etde
859 3388 934 3448 bello
957 3388 1112 3464 agendum.

230 3482 284 3550 27.
305 3489 401 3564 Prope
415 3489 533 3548 dimidia
553 3495 636 3567 parte
658 3491 753 3566 operis
768 3508 786 3549 a
802 3489 923 3550 Caesare
944 3489 1050 3552 effecta
1065 3490 1225 3566 diebusque

146 3591 176 3650 in
198 3608 233 3650 ea
246 3607 278 3650 re
292 3591 468 3668 consumptis
489 3610 555 3650 vnn
569 3610 658 3652 naves
680 3610 698 3650 a
720 3593 884 3653 consulibus
899 3592 1061 3670 Dyrrachio
1080 3595 1227 3674 remissae,

147 3710 222 3767 quae
247 3691 372 3769 priorem
399 3697 511 3770 partem
540 3693 681 3754 exercitus
707 3711 742 3753 eo
775 3694 1012 3772 deportaverant,
1040 3694 1225 3754 Brundisium

146 3799 336 3855 revertuntur.
380 3795 548 3873 Pompeius,
577 3795 638 3855 sive
665 3795 800 3872 operibus
830 3795 960 3856 (laeseris
987 3801 1136 3873 permotus
1165 3797 1262 3856 siver

145 3895 232 3956 etiam
248 3896 326 3973 quod
341 3898 378 3958 ab
393 3897 473 3959 initio
489 3897 573 3958 Italia
588 3897 725 3958 excedere
740 3899 934 3974 constituerat,
958 3899 1083 3958 adventu
1106 3897 1225 3957 navium
