2964 4506
268 245 308 303 82
617 246 669 300 DE
686 246 805 303 BELLO
823 246 939 302 CIVILI

270 421 421 496 deligatae
443 421 481 480 ad
502 427 614 480 terram
635 428 726 495 atque
748 425 858 498 inanes,
881 441 931 481 1111
946 439 983 481 ex
1004 424 1051 482 his
1066 424 1197 500 abduxit,
1219 425 1353 499 reliquas

231 534 245 584 5
266 524 405 583 incendit.
441 525 505 582 Hoc
527 525 658 582 confecto
685 525 804 598 negotio
826 524 862 584 D.
885 525 1021 584 Laelium
1043 528 1080 584 ab
1101 525 1235 585 Asiatica
1256 529 1352 586 classe

216 670 219 676 .
255 627 425 686 abductum
446 628 600 703 relinquit,
617 628 667 700 qui
689 634 872 687 commeatus·
887 627 1006 702 Byllide
1028 631 1115 700 atque
1136 629 1276 688 Amantia
1296 632 1352 689 im·

267 730 383 804 portari
409 731 441 788 iu
462 731 600 804 oppidum
631 731 793 805 prohibeat.
837 731 905 805 Ipse
933 731 1050 790 Lissum
1075 732 1226 804 proiectus
1258 749 1352 793 naves

270 832 423 890 onerarias
444 849 506 890 xxx
536 849 554 890 a
575 832 613 892 Μ.
635 832 764 892 Antonio
792 834 914 892 relictas
935 835 1017 893 intra
1043 839 1161 907 portum
1191 835 1352 908 adgressus

231 945 247 994 6
268 950 367 992 omnes
382 934 525 1009 incendit;
541 935 655 994 Lissum
673 952 844 1009 expugnare
860 941 982 994 conatus
996 935 1220 995 defendentibus
1236 938 1351 997 ciuibus

268 1035 418 1111 Romanis,
442 1037 492 1108 qui
507 1037 569 1096 eins
585 1042 746 1097 conventus
764 1042 859 1108 erant,
882 1037 1091 1113 militibusque,
1115 1054 1186 1111 quos
1207 1038 1350 1112 praesidii

268 1154 358 1196 causa
380 1139 503 1197 miserat
518 1137 635 1214 Caesar,
658 1139 791 1198 triduum
806 1144 938 1198 moratus
959 1141 1062 1212 paucis
1084 1141 1116 1198 in
1130 1142 1351 1215 oppugnatione

254 1239 383 1299 -amissis
405 1258 439 1299 re
460 1241 572 1299 infecta
592 1241 660 1300 inde
682 1242 825 1300 discessit

356 1335 412 1406 41.
436 1342 552 1418 Caesar,
575 1347 730 1417 postquam
751 1342 923 1417 Pompeium
945 1342 983 1401 ad
997 1343 1197 1416 Asparagium
1218 1359 1282 1402 esse
1304 1359 1351 1402 co-

269 1445 386 1520 gnovit,
419 1444 518 1502 eodem
547 1461 611 1503 cum
638 1447 771 1504 exercitu
797 1447 948 1520 proiectus
985 1450 1152 1520 expugnato
1181 1447 1214 1504 in
1239 1446 1350 1504 itinere

269 1546 375 1620 oppido
403 1546 627 1621 Parthinorum,
661 1549 693 1606 iu
726 1565 782 1620 quo
811 1548 969 1622 Pompeios
1001 1547 1181 1622 praesidium
1212 1548 1350 1622 habebat,

268 1650 359 1709 tertio
382 1648 429 1707 die
451 1649 488 1707 ad
509 1649 681 1724 Pompeium
703 1651 841 1725 pervenit
869 1651 1011 1723 iuxtaque
1038 1667 1104 1708 enm
1130 1655 1230 1710 castra
1251 1651 1352 1724 posuit

269 1756 301 1809 et
321 1751 464 1824 postridie
493 1751 606 1809 eductis
636 1752 770 1810 omnibus
798 1752 889 1826 copiis
917 1752 982 1811 acie
1008 1753 1153 1810 instructa
1174 1751 1351 1810 decernendi

232 1866 247 1915 2
269 1859 448 1928 potestatem
462 1854 600 1928 Pompeio
614 1854 694 1914 iecit.
716 1855 775 1914 Ubi
796 1855 881 1912 illum
896 1855 957 1912 suis
971 1854 1043 1912 locis
1058 1870 1089 1911 se
1103 1859 1206 1912 tenere
1221 1855 1351 1914 animum

270 1955 410 2031 advertit,
434 1955 555 2015 reducto
569 1955 602 2013 in
616 1960 716 2014 castra
729 1956 862 2014 exercitu
884 1955 966 2014 aliud
987 1956 1044 2013 sibi
1066 1955 1218 2013 eonsilium
1233 1957 1350 2030 capien-

231 2070 247 2119 3
269 2057 533 2117 dumexistimavit.
549 2056 655 2130 Itaque
664 2063 784 2132 postero
795 2057 843 2115 die
856 2058 990 2117 omnibus
1002 2057 1093 2130 copiis
1104 2073 1211 2130 magno
1223 2059 1350 2117 circuitu
1470 2075 1471 2142 j

270 2160 386 2218 difficili
415 2167 599 2234 angustoque
626 2157 732 2218 itinere
755 2159 955 2233 Dyrrachium
986 2159 1136 2233 proiectus
1159 2164 1205 2218 est
1226 2177 1349 2234 sperans

270 2263 442 2336 Pompeium
464 2267 517 2321 aut
531 2263 731 2336 Dyrrachium
746 2263 881 2336 compelli
896 2268 949 2321 ant
964 2264 1000 2321 ab
1023 2279 1056 2320 eo
1071 2261 1176 2335 oppido
1190 2262 1349 2320 intercludi

258 2381 368 2440 posse,
392 2381 448 2438 quo
470 2381 583 2423 omnem
605 2369 797 2423 commeatum
819 2365 969 2437 totiusque
990 2365 1063 2422 belli
1084 2369 1261 2438 apparatum
1282 2381 1350 2423 con-

233 2478 248 2528 s
270 2467 402 2540 tulisset;
414 2472 448 2525 nt
460 2467 576 2526 accidit.
587 2465 745 2541 Pompeius
756 2467 833 2525 enim
844 2467 938 2541 primo
953 2466 1095 2540 ignorans
1110 2467 1173 2525 eius
1188 2467 1350 2542 eonsilium,
1469 2527 1470 2542 ,

272 2569 348 2643 quod
370 2568 486 2629 diverso
509 2571 547 2628 ab
562 2587 597 2628 ea
611 2570 733 2643 regione
747 2570 855 2629 itinere
869 2570 1035 2644 proiectum
1049 2569 1178 2645 videbat,
1192 2570 1350 2642 augustiis

271 2673 315 2731 rei
337 2673 548 2731 frumentariae
569 2671 748 2746 compulsum
763 2672 931 2731 discessisse
950 2672 1150 2744 existimabat3
1171 2676 1275 2745 postea
1295 2687 1351 2745 per

271 2776 472 2848 exploratores
503 2775 613 2832 certior
633 2775 731 2831 factus
753 2780 870 2845 postero
893 2773 940 2830 die
962 2778 1062 2831 castra
1087 2773 1181 2831 movit
1214 2773 1352 2831 breviore
1468 2783 1469 2844 l

235 2878 379 2938 titinerc
406 2893 437 2934 se
466 2891 620 2933 occurrere
647 2875 676 2931 ei
706 2890 792 2946 posse
813 2889 943 2947 sperans.
987 2873 1070 2944 Quod
1097 2873 1161 2930 iore
1183 2873 1352 2946 suspicatus

272 2976 382 3036 Caesar
403 2972 594 3051 milites[que]
611 2973 792 3049 adhortatus,
814 2979 849 3032 ut
864 2990 956 3047 aequo
971 2974 1068 3032 auimo
1083 2974 1214 3032 laborem
1228 2975 1350 3049 ferrem,
1467 2979 1468 2986 ’

271 3095 395 3153 parvam
427 3082 543 3153 partem
571 3077 665 3136 noctis
698 3077 806 3136 itinere
835 3077 1003 3136 intermisso
1035 3093 1121 3135 mane
1149 3076 1350 3150 Dyrrachium

272 3181 368 3256 venit,
401 3179 618 3256 cumprimum
645 3195 751 3253 agmen
778 3179 896 3253 Pompei
924 3180 1028 3253 procul
1057 3182 1239 3253 cerneretur,
1262 3183 1349 3251 atque

272 3283 314 3341 ibi
336 3286 434 3342 castra
453 3282 560 3356 posuit.

360 3377 416 3447 42.
440 3383 598 3456 Pompeios
626 3383 806 3442 interclusus
826 3381 1006 3457 Dyrrachio,
1033 3382 1085 3440 ubi
1106 3381 1286 3456 propositum
1306 3386 1350 3439 te·

253 3503 344 3544 ·nere
358 3502 416 3543 uon
431 3485 537 3560 potuit,
560 3484 685 3543 secundo
700 3500 770 3542 usus
786 3484 906 3542 consilio
921 3483 1000 3542 edito
1022 3485 1092 3559 loco,
1116 3483 1166 3556 qui
1181 3482 1350 3556 appellatur

273 3589 367 3646 Petra
378 3587 547 3659 aditumque
561 3588 652 3646 habet
662 3588 788 3646 navibus
798 3586 972 3645 mediocrem
983 3591 1072 3658 atque
1087 3603 1137 3644 eas
1148 3602 1167 3644 a
1177 3584 1350 3658 qmbusdam
1465 3645 1466 3648 ,

237 3702 252 3751 2
273 3690 407 3766 protegit
427 3689 533 3758 ventis,
556 3695 655 3749 castra
670 3690 835 3749 communit.
864 3689 908 3746 Eo
923 3693 1039 3763 partem
1053 3688 1173 3747 navium
1195 3689 1351 3760 longarum
1465 3677 1466 3680 ’

276 3793 440 3866 convenire,
472 3791 652 3851 trumentum
674 3796 921 3864 commeatumque
950 3791 986 3848 ab
1010 3789 1081 3848 Asia
1103 3795 1192 3862 atque
1218 3788 1350 3848 omnibus

237 3896 458 3970 aregionibus,
481 3910 554 3967 quas
576 3897 708 3970 tenebat,
731 3895 909 3967 comportari
930 3894 1065 3967 imperat.
1102 3890 1212 3951 Caesar
1232 3891 1350 3965 longius
