2960 4500
635 295 656 350 l.
675 299 783 349 ‘ll-75.
1209 294 1249 352 33

170 465 275 530 ducere
301 469 456 548 incipiunt,
477 475 511 529 ut
538 469 614 529 intra
635 469 824 530 munitionem
849 468 911 529 sine
937 469 1039 529 timore
1061 473 1089 528 et
1110 466 1172 526 sine
1193 472 1250 527 sta·

170 569 296 631 tionibus
311 571 411 648 aquari
425 575 552 647 possent.
585 569 619 628 Id
641 589 715 648 opus
729 571 803 631 inter
816 589 847 630 se
862 570 990 630 Petreius
1005 574 1094 646 atque
1107 568 1245 628 Afranius

171 673 336 751 partiuntur
349 673 462 751 ipsique
482 671 648 750 perficiendi
664 673 758 750 operis
774 691 862 734 eausa
879 673 995 749 longius
1016 672 1248 750 progrediuntur.

255 771 312 842 74.
336 775 466 850 Quorum
496 775 621 835 discemu
650 775 769 835 liberam
798 775 875 835 nacti
903 775 1005 835 milites
1027 775 1248 851 conloquiomm

168 875 334 939 facultatem
358 878 446 954 vulgo
469 877 637 954 procedunt,
658 882 688 937 et
709 895 797 953 quem
813 877 935 953 quisque
955 877 984 936 in
1004 877 1103 937 castris
1119 876 1249 936 Caesaris

168 983 270 1040 notum
293 985 344 1040 aut
365 979 538 1056 municipem
560 979 687 1040 habebat
709 979 851 1056 conquirit
872 984 960 1056 atque
974 983 1084 1039 evocat.
1119 979 1247 1038 Primum
1271 986 1285 1036 2

169 1087 261 1158 agunt
282 1083 388 1158 gratias
404 1100 502 1142 omnes
518 1083 660 1161 omnibus,
682 1083 760 1158 quod
784 1083 839 1143 sibi
860 1081 1015 1159 pertenitis
1037 1081 1127 1159 pridie
1148 1099 1247 1159 peper-

168 1183 284 1244 cissent:
315 1203 414 1245 eorum
442 1203 474 1245 se
503 1183 644 1245 beneficio
673 1184 778 1245 vivere.
822 1184 896 1244 Dein
927 1184 963 1244 de
988 1183 1168 1260 imperatoris
1189 1182 1247 1242 fide

167 1292 325 1364 quaerunt,
354 1292 468 1347 rectene
489 1305 521 1346 se
547 1287 587 1345 illi
614 1288 673 1346 sint
696 1287 887 1365 commissuri,
915 1291 944 1347 et
971 1286 1050 1362 quod
1077 1286 1106 1345 id
1127 1305 1186 1346 non
1209 1286 1246 1345 ab

166 1387 247 1448 initio
269 1387 389 1448 iecerint
410 1406 549 1464 armaque
570 1389 649 1464 quod
670 1407 736 1449 cum
758 1389 922 1449 hominibus
943 1388 1108 1449 necessariis
1130 1393 1160 1448 et
1181 1406 1246 1448 eon-

166 1490 331 1566 sanguineis
353 1490 525 1551 contulerint
539 1496 707 1567 queruntur.
729 1491 783 1551 His
798 1492 947 1568 provocati
961 1491 1141 1552 sermonibus
1155 1489 1244 1549 iidem
1267 1498 1281 1546 3

167 1592 205 1650 ab
226 1591 398 1668 imperatore
419 1593 455 1653 de
476 1592 570 1652 Petrei
592 1597 680 1669 atque
702 1591 813 1652 Afranii
835 1593 895 1652 vita
914 1597 1033 1671 petunt,
1054 1611 1092 1653 ne
1113 1592 1192 1668 quod
1214 1591 1244 1650 in

166 1710 198 1752 se
227 1696 320 1754 scelus
352 1695 514 1772 concepisse
546 1713 604 1755 neu
636 1713 704 1756 suos
737 1696 896 1772 prodidisse
927 1695 1087 1756 videantur.
1131 1694 1244 1768 Quibus

166 1794 342 1856 confirmatis
356 1797 442 1857 rebus
456 1815 488 1856 se
502 1797 599 1857 statim
613 1797 698 1874 signa
721 1800 910 1858 translaturos
927 1797 1101 1858 confirmant
1123 1798 1247 1873 legatos·

165 1915 224 1974 que
245 1898 282 1958 de
295 1915 367 1975 pace
381 1898 540 1975 primorum
556 1898 688 1958 ordinum
703 1900 883 1960 centuriones
897 1901 935 1959 ad
950 1899 1101 1960 (laesamm
1116 1899 1243 1959 mittunt.

164 1998 282 2060 Interim
305 2000 354 2059 alii
376 2017 444 2060 suos
465 2000 496 2059 in
519 1999 763 2060 castrainritandi
779 2019 866 2061 causa
880 2001 1036 2068 adducunt,
1058 2001 1105 2058 alii
1127 2001 1164 2060 ab
1186 2000 1245 2060 suis
1270 2007 1284 2055 4

166 2100 364 2179 abducuntur,
386 2102 458 2162 adeo
481 2108 514 2162 ut
535 2121 595 2162 uua
618 2107 712 2162 cmtra
733 2102 790 2161 iam
812 2101 890 2163 iacta
911 2120 948 2162 ex
970 2101 1043 2161 binis
1065 2101 1243 2176 viderentur;

168 2203 387 2278 compluresque
408 2202 516 2264 tribuni
529 2203 652 2264 militum
669 2208 698 2264 et
713 2203 892 2264 centuriones
907 2203 944 2262 ad
960 2203 1110 2264 Caesarem
1125 2203 1246 2264 veniunt

163 2322 252 2381 seque
267 2305 293 2366 ei
308 2306 517 2366 commendant.
551 2307 632 2367 Idem
647 2307 703 2367 hoc
717 2306 752 2368 fit
767 2306 973 2384 aprinoipibus
988 2306 1154 2384 Hispaniae,
1169 2325 1243 2382 quos
1265 2322 1280 2370 5

162 2405 203 2465 illi
227 2413 418 2469 evocaverant
440 2413 468 2469 et
490 2427 588 2470 seeum
610 2409 640 2468 in
663 2410 761 2470 castris
782 2409 930 2469 habebant
943 2409 1076 2469 obsidum
1097 2409 1170 2470 loco.
1202 2409 1242 2468 Hi

162 2525 230 2569 suos
251 2514 335 2570 notos
366 2510 551 2588 hospitesque
581 2513 776 2589 quaerebant,
803 2529 855 2588 per
883 2529 968 2587 quem
996 2511 1119 2587 quisque
1140 2529 1239 2571 eorum

163 2609 273 2670 aditum
289 2612 545 2672 commendationis
560 2612 679 2672 haberet
694 2613 731 2672 ad
747 2612 907 2674 Gaesarem.
934 2611 1046 2672 Afranii
1062 2612 1147 2672 etiam
1163 2612 1241 2672 filius
1262 2625 1277 2674 6

162 2713 331 2772 adulescens
363 2714 399 2774 de
431 2732 485 2774 sua
518 2732 552 2774 ac
583 2714 710 2792 parentis
736 2715 781 2775 sui
811 2717 904 2775 salute
934 2734 998 2775 cum
1033 2714 1155 2775 Caesare
1188 2732 1241 2790 per

163 2814 320 2892 Sulpicium
344 2816 471 2893 legatum
493 2817 608 2893 agebat.
644 2818 735 2877 Erant
757 2819 844 2894 plena
864 2816 972 2878 laetitia
993 2821 1023 2877 et
1047 2817 1240 2893 gratulatione
1261 2829 1275 2878 7

163 2917 260 2977 omnia
281 2923 310 2978 et
332 2937 440 2995 eorum,
462 2919 513 2995 qui
535 2922 616 2979 tanta
636 2919 764 2997 pericula
785 2920 903 2996 vitasse,
925 2925 1082 2997 eteorum,
1104 2919 1238 2995 quisine

163 3018 283 3077 vulnere
304 3023 399 3078 tantas
427 3037 472 3079 res
493 3019 651 3080 confecisse
677 3021 865 3098 videbantur,
891 3037 1089 3097 magnumque
1110 3019 1236 3081 fructum

161 3135 232 3178 suae
246 3119 383 3194 pristinae
404 3120 529 3179 lenitatis
544 3121 672 3180 om'niurn
687 3121 791 3181 iudicio
807 3121 912 3182 (laesar
933 3120 1052 3198 ferebat,
1075 3121 1237 3182 consilium·

159 3236 217 3295 que
238 3219 302 3279 eius
323 3239 341 3279 a
363 3220 472 3281 eunctis
486 3222 675 3297 probabatur.

244 3315 299 3388 75.
323 3321 436 3396 Quibus
461 3323 547 3383 rebus
575 3323 714 3383 nuntiatis
746 3322 885 3383 Afranius
915 3324 952 3383 ab
984 3323 1114 3383 instituto
1147 3341 1235 3398 opere

160 3421 279 3483 discedit
299 3441 388 3499 seque
409 3425 439 3484 in
461 3430 555 3486 eastm
576 3425 690 3504 recipit,
718 3426 759 3486 sic
783 3431 916 3504 paratus,
942 3429 975 3485 ut
1001 3424 1164 3501 videbatur,
1193 3432 1233 3502 ut,

157 3524 334 3600 quicumque
355 3526 502 3587 accidisset
523 3545 615 3604 casus,
636 3528 714 3588 hunc
734 3528 832 3604 quieto
854 3532 883 3587 et
904 3545 998 3604 aequo
1013 3526 1109 3586 animo
1131 3525 1231 3605 ferret3

159 3626 288 3686 Petreius
317 3645 384 3688 vero
412 3647 471 3688 non
493 3629 597 3689 deserit
618 3647 694 3689 sese:
725 3635 818 3690 armat
846 3628 1000 3707 familiam3
1030 3647 1095 3690 oum
1123 3628 1178 3689 hac
1205 3635 1269 3694 ott

157 3729 301 3804 praetoria
337 3729 453 3791 cohorte
490 3735 680 3792 caetratorum
717 3731 905 3807 barbarisque
944 3731 1088 3807 equitibus
1124 3732 1231 3808 paucis,

158 3828 346 3892 beneficiariis
367 3832 442 3909 suis,
471 3851 545 3908 quos
566 3851 636 3893 snae
658 3833 804 3893 custodiae
829 3850 916 3894 causa
945 3833 1051 3894 habere
1072 3838 1231 3909 consuerat,

157 3933 312 4008 impmuiso
345 3933 383 3993 ad
409 3935 517 3994 vallum
544 3935 674 4010 advolat,
708 3934 861 4010 conloquia
887 3935 1008 3996 militum
1040 3933 1230 4012 interrumpit,

208 4035 289 4079 Caesar
302 4037 326 4080 B.
340 4038 389 4082 Olv.
403 4038 439 4082 ed.
456 4039 484 4081 Η.
498 4038 589 4082 Meusel.
1058 4035 1074 4082 3
