2964 4506
611 283 661 338 111.
678 287 789 337 att-53.
1206 281 1246 340 87

168 461 251 521 versi
277 460 309 519 in
337 461 557 519 multitudinem
586 460 715 533 sagittas
738 459 902 518 coiciebant
923 465 954 518 et
982 475 1013 518 se
1035 459 1189 518 confestim
1211 458 1250 519 ed
1287 485 1290 491 ·

85 618 87 623 .
169 580 236 622 suos
258 564 450 640 recipiebant.
487 563 599 634 Quibus
621 564 710 621 rebus
731 563 829 620 nostri
849 578 905 620 usu
927 561 1006 620 docti
1027 564 1100 620 haec
1121 562 1286 637 reperte-2

168 667 241 724 bant
262 666 399 741 remedia,
421 672 457 723 ut
479 666 537 724 alio
561 666 624 723 loco
647 666 732 739 ignes
753 666 888 723 iacerent
910 709 1252 724 ............

254 763 311 833 51.
331 769 456 828 Interim
471 769 581 827 certior
595 768 692 827 iactus
707 767 742 826 P.
760 766 851 842 Sulla,
867 782 954 840 qnem
968 766 1119 826 discedens
1142 767 1250 825 castris
1286 795 1291 815 ι

170 872 359 945 praefecerat
374 869 491 945 Caesar,
507 869 618 928 auxilio
634 869 748 928 cohorti
763 869 847 928 venit
862 869 1109 942 cumlegionibus
1123 869 1250 942 duabus3

170 971 253 1030 cuins
274 972 402 1032 adventu
423 971 521 1030 facile,
534 977 604 1030 sunt
625 971 737 1046 repulsi
760 970 938 1046 Pompeiani.
966 969 1070 1044 Neque
1091 986 1162 1029 vero
1185 985 1253 1028 con·
1272 976 1292 1027 2Ι

170 1079 302 1148 spectum
331 1079 384 1131 aut
411 1074 553 1148 impetum
574 1078 743 1132 nostrorum
765 1073 914 1148 tulerunt,
943 1072 1105 1148 primisque
1127 1071 1249 1130 deiectis

170 1175 277 1247 reliqui
309 1191 340 1234 se
362 1181 519 1234 verterunt
534 1181 564 1234 et
578 1176 641 1234 loco
663 1181 822 1235 cesserunt.
856 1173 913 1234 Sed
927 1176 1114 1249 insequentes
1129 1180 1253 1250 nostros,

171 1294 209 1337 ne
232 1278 351 1350 longius
368 1283 627 1352 prosequerentur,
643 1276 728 1336 Sulla
742 1278 905 1337 revocarit.
936 1277 981 1334 At
1000 1277 1135 1353 plerique
1150 1277 1253 1335 existi·
1274 1283 1294 1332 a·

170 1385 260 1454 mant,
283 1380 309 1438 si
331 1380 429 1438 acrius
444 1380 562 1452 insequi
581 1380 737 1454 voluisset,
760 1380 870 1438 bellum
884 1395 918 1437 eo
941 1378 988 1437 die
1009 1380 1141 1454 potuisse
1163 1379 1252 1438 finiri.

171 1480 261 1540 Cuius
289 1482 443 1540 consilium
457 1482 731 1558 reprehendendum
744 1498 803 1540 non
824 1481 952 1542 ridetur.
978 1481 1065 1540 Aliae
1088 1482 1165 1540 enim
1187 1487 1293 1541 suntt

170 1584 265 1658 legati
286 1587 388 1660 partes
415 1589 506 1658 atque
527 1583 731 1659 imperatoris:
760 1585 837 1643 alter
864 1584 961 1642 omnia
984 1599 1074 1656 agere
1100 1584 1138 1641 ad
1166 1599 1252 1660 prae·

171 1687 321 1762 scriptum,
345 1687 423 1745 alter
436 1687 530 1746 libere
545 1686 583 1744 ad
598 1703 739 1745 summam
754 1702 854 1744 rerum
874 1685 1137 1744 consuleredebct.
1171 1685 1255 1745 Sulla
1276 1692 1292 1742 5

177 1785 207 1862 [a
231 1786 359 1847 Caesare
381 1788 413 1846 in
435 1789 542 1858 castris
564 1787 698 1864 relictus]
721 1790 858 1847 liberatis
880 1789 941 1847 suis
957 1789 1012 1847 hoc
1026 1789 1086 1847 init
1101 1793 1257 1846 contentus

175 1905 270 1961 neque
291 1889 404 1964 proelio
420 1889 572 1948 decertare
586 1891 694 1966 voluit,
718 1907 792 1964 quae
807 1907 856 1950 res
870 1896 970 1949 tamen
984 1891 1113 1949 fortasse
1127 1891 1255 1962 aliquem

172 1992 320 2066 reciperet
336 2008 442 2068 casum,
459 2009 496 2050 ne
506 1993 714 2068 imperatorias
729 1993 786 2052 sibi
800 1998 903 2068 partes
918 1993 1077 2068 sumpsisse
1091 1992 1253 2050 videretur.

172 2093 360 2167 Pompeianis
382 2111 597 2168 magnamres
619 2094 657 2154 ud
685 2099 834 2169 receptum
860 2095 1065 2154 difficultatem
1093 2095 1258 2154 adferebat.
1277 2099 1299 2149 6:

175 2195 253 2256 Nam
276 2212 312 2254 ex
339 2196 440 2268 iniquo
462 2198 615 2272 progressi
642 2197 705 2256 loco
728 2198 760 2254 in
787 2212 898 2255 summo
925 2196 1132 2268 constiterant3
1154 2195 1181 2252 si
1199 2211 1256 2270 per
1277 2203 1291 2252 7

172 2296 285 2357 declive
308 2315 372 2356 sese
397 2299 579 2375 reciperent,
608 2305 725 2358 nostros
747 2315 783 2358 ex
805 2299 958 2375 superiore
984 2299 1171 2371 insequentes
1193 2299 1256 2356 loco

174 2401 369 2474 verebantur;
392 2415 487 2475 neque
501 2401 626 2460 multum
642 2401 680 2460 ad
700 2402 770 2460 solis
785 2418 918 2462 occasum
932 2401 1072 2476 temporis
1087 2405 1256 2476 supererat;

173 2517 224 2574 spe
248 2501 325 2559 enim
343 2502 514 2576 conficiendi
537 2503 650 2575 negotii
671 2520 763 2578 prope
785 2503 817 2560 in
838 2508 953 2561 noctem
975 2518 1037 2560 rem
1064 2501 1256 2561 deduxerant.

174 2601 223 2660 Ita
255 2603 421 2662 necessario
459 2608 549 2676 atque
586 2620 622 2662 ex
654 2609 787 2680 tempore
819 2609 906 2681 capto
943 2604 1064 2662 consilio
1100 2603 1294 2678 Pompeiuss

173 2705 475 2778 tumulumqnendam
488 2705 651 2781 occupavit,
667 2706 717 2779 qui
732 2711 850 2764 tantum
865 2706 969 2765 aberat
981 2722 1000 2764 a
1013 2710 1114 2764 nostro
1126 2705 1259 2780 castello,

173 2811 208 2864 ut
232 2807 325 2865 telum
347 2813 493 2866 tormento
508 2808 628 2866 missum
643 2808 725 2881 adigi
739 2824 798 2866 non
818 2813 927 2884 posset,
956 2807 1021 2866 Hoc
1042 2808 1178 2866 consedit
1195 2809 1259 2867 loco

175 2914 263 2981 atque
285 2926 351 2968 eum
373 2910 565 2971 communivit
588 2927 746 2985 omnesque
767 2911 810 2969 ibi
832 2911 931 2986 copias
953 2911 1107 2970 continuit.

259 3005 313 3074 52.
336 3012 446 3070 Eodem
462 3019 596 3088 tempore
618 3013 730 3072 duobus
746 3018 904 3089 praeterea
924 3013 997 3072 locis
1011 3019 1177 3090 pugnatum
1199 3019 1260 3088 estq

174 3129 242 3170 nam
264 3113 353 3186 plura
375 3114 498 3172 castella
520 3114 676 3188 Pompeius
699 3115 815 3190 pariter
838 3114 1021 3173 distinendae
1043 3133 1147 3175 manus
1169 3133 1259 3175 eausa

175 3218 382 3291 temptaverat,
410 3231 447 3273 ne
475 3231 512 3274 ex
533 3216 676 3292 proximis
702 3215 861 3292 praesidiis
891 3217 1024 3274 succurri
1049 3223 1158 3293 posset.
1194 3218 1294 3278 Unot

173 3317 236 3374 loeo
266 3315 422 3376 Volcacius
445 3317 551 3376 Tullus
585 3319 728 3395 impetum
756 3317 883 3392 legionis
915 3318 1057 3377 sustinuit
1089 3319 1259 3378 cohortibus

174 3419 269 3476 tribus
291 3422 378 3490 atque
393 3437 458 3478 eam
472 3421 535 3478 loco
558 3419 687 3496 depulit;
711 3420 806 3478 altero
821 3419 963 3479 Germani
978 3419 1141 3479 munitione
1155 3426 1259 3479 nostra

175 3521 288 3594 egressi
318 3521 515 3597 compluribus
548 3522 716 3581 interfectis
745 3539 809 3581 sese
834 3522 872 3580 ad
898 3538 966 3581 suos
991 3523 1151 3582 incolumes
1177 3539 1258 3582 rece-

173 3628 292 3698 parunt.

262 3718 318 3788 53.
341 3724 391 3783 lta
412 3741 471 3784 uno
493 3724 541 3784 die
556 3742 589 3786 vr
610 3726 732 3800 proeliis
754 3726 854 3802 factm,
877 3727 975 3785 tribus
997 3726 1035 3785 ad
1048 3725 1257 3802 Dyrrachium,

176 3828 276 3885 tribus
296 3827 334 3885 ad
356 3827 543 3903 munitiones,
566 3844 631 3887 cum
652 3828 756 3886 horum
778 3828 913 3887 omnium,
928 3828 1006 3887 ratio
1028 3829 1197 3905 haberetur,
1221 3830 1259 3888 ad

177 3927 232 3986 duo
254 3928 339 3988 milia
360 3945 481 3988 numero
504 3945 540 3987 ex
562 3929 750 4005 Pompeianis
772 3930 911 3988 cecidisse
933 3929 1168 4007 reperiebamus,
1192 3947 1259 3990 evo·
