2964 4506
608 267 658 322 III.
676 271 786 322 ἸΙ-75.
1180 269 1220 326 97

146 441 281 501 caderent
302 443 437 520 seeunda,
458 441 605 502 iortruuam
620 453 691 503 'esse
712 441 853 502 industria
873 442 1092 502 sublevandam.
1134 441 1221 517 Quod

28 591 29 594 ,
144 548 219 604 esset
233 549 382 621 arreptum
404 544 574 623 detrimenti,
596 545 723 605 cuiusvis
741 546 839 619 potius
862 562 949 620 quam
964 561 1034 604 suae
1050 545 1152 621 eulpae
1172 545 1219 605 de

144 646 212 706 bere
232 646 329 707 tribui.
359 647 469 707 Loourn
490 665 522 707 se
536 665 663 722 aequum
678 647 716 706 ad
738 647 932 707 dimieaudum
955 646 1073 723 dedisse,
1094 645 1219 722 potitum
1241 657 1257 708 5

142 765 174 807 se
195 765 257 808 esse
277 747 404 809 hostium
427 749 533 827 eastrb,
555 749 699 824 expulisse
720 767 755 810 ae
775 767 928 826 superasse
946 754 1119 826 pugnantes.
1162 749 1219 810 Sed

142 849 203 910 sive
225 853 354 925 ipsorum
383 851 561 929 perturbatio
589 852 651 912 sivo
671 870 751 912 error
776 852 879 929 aliquis
907 852 968 912 sive
990 853 1078 912 etiam
1100 849 1219 912 fortuna

28 959 29 972 ³
141 958 254 1028 partam
281 953 339 1012 iam
367 959 606 1031 praesentemque
633 954 783 1016 viatoriaru
810 954 1062 1030 interpellarissat‚
1091 953 1217 1013 dandam

142 1054 276 1116 omnibus
298 1074 430 1133 operam,
457 1061 499 1117 ut·
512 1063 661 1134 aeeeptum
683 1057 897 1118 incommodum
924 1057 1031 1117 virtme
1051 1055 1216 1133 sarcireturq

141 1157 259 1232 quodsi
274 1164 348 1218 esset
362 1157 481 1236 laetum,
495 1158 634 1235 iubarum,
650 1164 683 1219 ut
698 1159 900 1220 detrimentum
915 1161 946 1218 in
961 1160 1070 1219 bonum
1087 1163 1217 1236 verteret,
1239 1169 1254 1218 6

141 1259 182 1319 uti
220 1260 257 1319 ad
291 1259 466 1337 Gergoviam
502 1263 651 1322 addidisset
684 1261 784 1338 [atque
817 1261 857 1339 ei,
894 1261 944 1337 qui
979 1266 1047 1322 ante
1083 1261 1217 1320 dimicare

139 1361 308 1439 timuissent,
330 1363 405 1424 ultro
427 1381 459 1424 se
480 1366 592 1438 proelio
614 1357 775 1445 offerrant}

226 1458 278 1528 74.
301 1465 366 1526 Hae
394 1465 494 1527 habita
516 1467 650 1526 eondone
678 1466 857 1526 nonnullos
882 1464 1034 1542 signiferos
1056 1465 1216 1542 ignominia

140 1565 251 1626 notamt
273 1584 307 1626 aa
332 1569 395 1628 loeo
418 1567 516 1629 movit
560 1568 706 1628 llxsroitui
732 1567 851 1643 quidem
880 1569 960 1627 omui
984 1573 1082 1628 anon
1102 1568 1252 1629 insessita

139 1687 174 1729 ex
188 1669 370 1729 inoommodo
392 1670 475 1730 dolor
489 1675 661 1747 tantumque
682 1670 809 1730 studium
826 1668 965 1729 infamiae
986 1670 1160 1746 sarciendae,
1182 1675 1215 1730 ut

137 1789 222 1831 neruo
245 1777 296 1832 aut
317 1772 427 1833 tribuni
455 1779 507 1833 aut
533 1773 706 1833 centurionis
732 1771 884 1849 imperium
914 1772 1089 1832 desideraret
1111 1776 1140 1832 et
1160 1771 1215 1832 sibi

137 1873 260 1948 quisque
274 1875 361 1932 etiam
383 1891 495 1948 poenae
515 1875 578 1934 loeo
594 1874 741 1950 graviores
755 1873 915 1950 imponeret
936 1873 1050 1932 labores
1071 1873 1214 1948 simulque

137 1993 236 2034 omnes
258 1975 391 2035 arderent
413 1976 568 2050 eupiditate
589 1976 754 2052 pugnandi,
777 1995 842 2036 oum
863 1975 1019 2052 superioris
1033 1974 1119 2034 etiam
1142 1975 1213 2036 ordi-

137 2076 181 2135 nis
202 2094 262 2135 non
283 2077 354 2136 nullr
368 2077 479 2138 ratione
500 2079 624 2152 permoti
645 2077 820 2137 manendum
843 2095 877 2137 eo
899 2078 963 2137 loeo
978 2080 1007 2136 et
1021 2094 1080 2136 rem
1103 2077 1212 2153 proelio

137 2179 374 2238 committendam
397 2179 600 2240 existimarent.
630 2179 738 2240 (iontra
760 2197 795 2240 ea
810 2161 915 2239 Caesar
936 2196 1031 2254 neque
1052 2179 1122 2238 satis
1144 2177 1249 2240 mili-3

137 2279 213 2339 tibus
241 2281 399 2354 perterritis
432 2281 598 2342 confidebat
623 2282 807 2358 spatiumque
832 2281 1073 2356 interponendum
1105 2282 1142 2340 ad
1171 2299 1212 2341 re

137 2383 274 2443 creandos
298 2386 410 2444 animos
431 2386 554 2461 putabat
576 2395 604 2446 et
626 2385 728 2445 reliotis
750 2384 959 2444 munitionibus
974 2402 1150 2462 magnopere
1171 2383 1213 2444 rei

136 2482 340 2566 frumentariae
361 2485 491 2546 timebat.

223 2580 278 2651 75.
301 2587 405 2660 ltaque
428 2587 507 2645 uuila
527 2589 696 2660 interposita
718 2605 808 2665 mora,
829 2588 991 2648 sauciorum
1007 2587 1093 2647 modo
1116 2592 1145 2646 et
1166 2605 1211 2646 ae

137 2705 254 2763 gramm
277 2687 377 2747 habita
390 2689 511 2763 ratione,
533 2688 739 2763 impedimenta
760 2689 858 2749 omnia
878 2690 991 2750 silentio
1012 2688 1106 2766 pn'rua
1127 2694 1211 2748 noete

136 2808 173 2850 ex
195 2793 294 2850 eastris
315 2791 499 2866 Apolloniam
525 2790 672 2867 praemisit
693 2809 728 2850 aa
755 2793 957 2866 oonquiesoere
981 2797 1049 2850 ante
1070 2792 1125 2850 iter
1146 2808 1210 2850 eon·

134 2891 242 2952 foetum
264 2895 365 2953 vetuit.
397 2894 453 2954 His
473 2911 532 2953 uua
552 2894 630 2969 legio
652 2893 747 2952 missa
759 2893 901 2968 praesidio
916 2899 968 2954 est.
1001 2894 1057 2953 His
1072 2892 1212 2970 explicitis
1233 2906 1246 2955 2

134 2995 221 3054 rebus
242 2996 314 3055 duas
329 2997 359 3054 in
381 2999 481 3055 eastris
502 2996 631 3071 legiones
646 2996 773 3070 retinuit,
794 2995 920 3070 reliquas
942 2996 978 3056 de
995 3000 1099 3071 quarta
1116 2995 1211 3072 vigilia

135 3097 330 3172 compluribus
357 3097 448 3172 portis
479 3097 597 3157 eductas
625 3098 725 3158 eodem
756 3097 859 3156 itinere
885 3098 1031 3170 praemisit
1061 3116 1211 3174 parvoque

133 3198 227 3274 spatio
248 3199 425 3276 intermisso,
457 3204 491 3259 ut
512 3203 541 3259 et
562 3199 685 3259 militare
706 3199 868 3259 institutum
889 3204 1051 3258 servaretur
1072 3205 1100 3259 et
1122 3217 1210 3274 quam

40 3299 42 3302 ’
134 3301 276 3362 serissime
290 3305 352 3363 eius
367 3295 509 3380 profectio
524 3307 752 3380 eognoseeretuq
775 3301 946 3362 oonolamari
959 3300 1041 3360 iussit
1055 3301 1209 3376 statimque

135 3420 266 3478 egressus
287 3409 316 3464 et
337 3405 524 3465 novissimum
539 3423 644 3481 agmen
659 3410 830 3465 oonseoutus
852 3402 978 3463 eeleriter
995 3420 1032 3462 ex
1053 3409 1206 3478 eonspeetu

135 3510 293 3565 amborum
315 3505 451 3567 diseessit.
476 3509 580 3584 Neque
601 3526 670 3568 vero
693 3506 848 3584 Pompeius
871 3505 986 3582 eognito
1009 3503 1125 3565 oonsilio
1147 3505 1208 3565 eius
1229 3513 1244 3563 3

134 3624 245 3667 moram
267 3608 355 3667 ullam
384 3609 421 3667 ad
441 3610 652 3685 insequendum
675 3609 787 3686 intulit,
815 3609 866 3668 sed
892 3609 993 3668 eodem
1014 3611 1162 3686 spectans,
1183 3609 1208 3668 si

133 3709 163 3767 in
179 3707 279 3770 itinere
292 3709 445 3786 impeditos
460 3729 495 3770 ae
507 3714 674 3788 perterritos
689 3711 901 3788 deprehendere
923 3715 1028 3788 posset,
1050 3709 1207 3770 exaratum

134 3827 151 3869 e
173 3811 271 3870 casnm
292 3811 390 3872 eduxit
411 3813 631 3886 equitatumque
658 3813 805 3889 praemisit
825 3812 863 3871 ad
889 3811 1079 3872 novissimum
1101 3829 1207 3888 agmen

134 3911 356 3985 demorandum,
389 3931 484 3989 neque
512 3914 648 3989 oonseqni
673 3916 783 3991 potuit,
816 3914 895 3989 quod
920 3915 1042 3975 multum
1071 3914 1206 3991 expedito

186 4017 305 4060 caesara
320 4016 367 4061 (liv.
382 4019 417 4062 ed.
432 4017 460 4060 Η.
470 4016 561 4062 lleuaei
1027 4015 1041 4063 'l
