2964 4506
215 269 255 326 56
600 270 652 324 DE
669 270 788 327 BELLO
807 271 920 328 civim

176 444 344 504 cansar?
388 445 450 520 An,
485 444 533 518 qui
555 446 714 504 incolumes
737 447 875 506 resistere
897 465 955 506 non
980 455 1154 525 potuerunt,
1187 450 1298 523 perditi

213 547 376 606 resistant?
407 564 461 607 vos
488 551 584 606 autem
606 548 723 607 incerta
745 550 872 608 victoria
895 549 1050 610 Caesarem
1073 552 1166 610 secuti
1194 550 1299 609 diiudi-

215 655 283 708 cata
316 650 375 708 iam
406 650 480 708 belli
512 651 631 709 fortuna
664 650 776 710 victum
798 651 974 726 sequamini,
1008 669 1073 711 cum
1095 654 1189 713 vestri
1212 651 1300 711 oificii

177 761 192 809 7
214 753 348 826 praemia
375 751 526 826 percipere
555 752 707 812 debeatis?
750 751 892 812 Desertos
919 754 1049 814 enimse
1072 771 1106 813 ac
1127 753 1300 829 proditosa

176 861 193 912 8
216 853 299 912 vobis
323 854 425 914 dicunt
454 860 484 912 et
506 856 614 929 prioris
637 855 816 914 sacramenti
838 857 1011 916 mentionem
1036 857 1158 926 iaciunt.
1202 857 1300 916 Vosne

216 974 287 1016 vero
310 957 343 1016 L.
358 956 518 1016 Domitium
541 975 579 1016 an
601 975 653 1017 vos
668 958 815 1019 Domitius
837 959 992 1018 deseruit?
1020 960 1125 1019 Nonne
1139 966 1301 1018 extremam

216 1058 281 1133 pati
300 1061 449 1118 1111111111
470 1063 590 1132 paratos
612 1063 738 1134 proiecit
759 1061 831 1120 ille?
854 1077 912 1119 non
928 1060 984 1119 sibi
998 1061 1074 1119 clam
1089 1063 1213 1120 salutem
1228 1061 1302 1134 iuga

216 1159 345 1234 petivit?
374 1178 432 1220 non
459 1161 570 1236 proditi
591 1161 748 1235 perillum
771 1161 907 1222 Caesaris
928 1162 1068 1221 beneficio
1091 1164 1163 1221 estis
1186 1179 1303 1221 conser-

177 1270 195 1320 9
216 1262 299 1323 veti?
331 1263 520 1323 sacramento
544 1265 659 1338 quidem
681 1283 735 1325 vos
756 1270 856 1325 tenere
879 1264 927 1338 qui
948 1264 1054 1341 potuit,
1077 1281 1142 1324 cum
1164 1266 1302 1340 proiectis

217 1365 346 1424 fascibus
378 1371 409 1423 et
440 1366 569 1439 deposito
601 1367 725 1441 imperio
758 1365 895 1440 privatus
917 1373 948 1425 ct
969 1370 1071 1441 captus
1093 1366 1155 1440 ipse
1177 1368 1209 1425 in
1231 1368 1302 1425 alie·

218 1485 286 1525 nam
308 1469 439 1526 venisset
459 1469 663 1542 potestatem?
693 1469 882 1542 Relinquitur
903 1485 981 1529 nova
1003 1470 1118 1544 religio,
1141 1474 1175 1527 ut
1197 1486 1230 1528 eo
1252 1487 1302 1528 ne·

218 1569 313 1643 glecto
328 1575 519 1645 sacramento,
543 1587 598 1643 quo
613 1572 762 1647 tenemini,
785 1569 950 1643 respiciatis
965 1571 1047 1646 11111,
1064 1572 1140 1644 quod
1155 1571 1302 1630 deditione

167 1678 197 1729 10
218 1671 300 1731 ducis
322 1677 353 1730 et
368 1672 475 1746 capitis
490 1672 689 1732 deminutione
705 1673 854 1732 sublatum
869 1679 925 1732 est.
955 1672 1005 1747 At,
1029 1673 1123 1747 credo,
1147 1671 1303 1732 Caesarem

218 1774 357 1850 probatis,
380 1775 412 1833 in
434 1791 479 1832 me
501 1774 655 1834 oiienditis.
695 1775 753 1846 uui
774 1775 810 1833 de
832 1776 905 1834 meis
926 1776 958 1833 in
980 1791 1033 1833 vos
1055 1773 1167 1833 meritis
1187 1773 1303 1848 praedi-

218 1881 340 1936 caturus
362 1893 420 1936 non
442 1893 513 1952 sum,
537 1893 611 1951 qnae
634 1884 704 1937 sunt
726 1877 821 1936 adhuc
843 1883 874 1936 et
895 1894 960 1937 mea
982 1878 1136 1936 voluntate
1158 1883 1188 1935 et
1203 1881 1303 1936 vestra

218 1981 436 2053 exspectatione
468 1980 596 2054 leviora;
630 1981 682 2039 sed
711 1985 810 2038 tamen
844 1981 890 2038 sui
922 1980 1033 2038 laboris
1058 1979 1166 2037 milites
1189 1995 1304 2052 semper

221 2088 330 2141 eventu
351 2081 422 2140 belli
442 2083 576 2156 praemia
597 2084 774 2157 petiverunt
798 2083 848 2155 qui
870 2080 965 2155 qualis
987 2079 1024 2140 sit
1045 2081 1169 2156 iuturus,
1192 2097 1229 2138 ne
1251 2096 1304 2140 vos

169 2185 197 2236 11
220 2184 336 2256 quidem
358 2184 517 2244 dubitatis:
539 2185 726 2259 diligentiam
749 2185 865 2258 quidem
886 2190 1032 2259 nostram,
1062 2188 1128 2258 aut,
1159 2181 1304 2256 quemad

171 2289 197 2338 11
220 2286 308 2345 finem
330 2285 424 2345 adhuc
445 2303 493 2346 res
512 2289 661 2363 processit
684 2289 835 2346 fortunam
857 2303 910 2344 cur
931 2285 1139 2361 praeteream?
1171 2284 1220 2343 An
1234 2299 1304 2357 pae-

221 2389 294 2447 nitet
316 2405 381 2464 vos‚
416 2390 492 2462 qnod
514 2390 629 2449 salvum
651 2393 738 2462 atque
760 2389 933 2447 incolumem
955 2387 1116 2445 exercitum
1139 2386 1223 2444 nulla
1245 2401 1304 2443 om·

221 2491 290 2548 nino
312 2507 389 2550 nave
410 2492 579 2551 desiderata
600 2490 805 2550 traduxerim?
829 2490 905 2563 quod
927 2490 1050 2548 classem
1065 2487 1194 2564 hostium
1209 2488 1304 2562 primo

222 2593 333 2666 impetu
356 2593 515 2653 adveniens
536 2593 777 2668 profligaverim?
800 2593 876 2666 quod
897 2592 943 2650 bis
963 2608 1017 2666 per
1030 2589 1150 2649 biduum
1177 2589 1306 2663 equestri

222 2697 334 2769 proelio
357 2697 581 2771 superaverim?
604 2697 680 2768 quod
703 2713 739 2754 ex
760 2702 849 2768 portu
871 2695 995 2766 sinuque
1018 2693 1257 2752 adversariorum
1273 2707 1307 2750 co

224 2813 315 2856 naves
337 2803 475 2855 oneratas
497 2797 670 2855 abduxerim
692 2812 784 2868 eoque
798 2796 865 2853 illos
880 2794 1077 2868 compulerim
1100 2799 1135 2850 ut
1149 2809 1242 2865 neque
1257 2809 1307 2867 pe-

174 2902 202 2953 13
224 2897 317 2956 destri
338 2898 446 2956 itinere
469 2914 562 2970 neque
577 2898 703 2956 navibus
718 2900 880 2955 commeatu
895 2895 994 2954 iuvari
1009 2894 1146 2967 possint?
1175 2894 1240 2952 Hac
1254 2911 1307 2954 vos

224 3000 345 3058 fortuna
367 3002 454 3071 atque
476 2998 523 3057 his
545 2999 668 3058 ducibus
690 2997 855 3072 repudiatis
876 2996 1086 3056 Corfiniensem
1108 2997 1307 3072 ignominiam,

225 3099 333 3158 italiae
354 3101 464 3176 fugam,
487 3099 699 3175 Hispaniarum
722 3100 897 3158 deditionem
919 3129 960 3140 -
982 3097 1080 3157 Africi
1101 3099 1173 3156 belli
1191 3099 1308 3172 praeiu-

174 3201 302 3260 1111111
324 3234 365 3244 -
388 3205 558 3278 sequimini!
599 3203 744 3277 Equidem
766 3217 812 3260 me
835 3199 971 3260 Caesaris
993 3199 1118 3258 militem
1134 3200 1198 3267 dici
1219 3199 1308 3273 volui,

225 3320 277 3362 vos
300 3322 346 3364 me
367 3307 557 3382 imperatoris
579 3308 695 3366 nomine
711 3305 922 3379 appellavistis.
953 3301 1043 3362 Cuius
1062 3303 1088 3360 si
1102 3319 1155 3361 vos
1169 3302 1308 3375 paenitet,

227 3413 360 3468 vestrum
381 3411 466 3469 vobis
487 3410 660 3469 beneficium
682 3406 809 3480 remitto,
833 3407 905 3464 mihi
920 3422 1015 3464 meum
1030 3404 1182 3463 restituite
1197 3419 1308 3462 nomen,

227 3525 263 3568 ne
286 3511 324 3569 ad
346 3513 552 3571 contumeliam
574 3509 712 3570 honorem
734 3509 849 3568 dedisse
871 3505 1047 3568 videamini?

312 3605 368 3676 33.
398 3613 462 3684 Qua
490 3614 622 3673 oratione
643 3612 770 3686 permoti
792 3611 899 3669 milites
926 3611 1028 3668 crebro
1051 3609 1142 3667 etiam
1165 3606 1310 3665 dicentem

228 3713 474 3790 interpellabant,
504 3721 538 3773 ut
565 3731 672 3788 magno
701 3730 766 3772 cum
789 3713 889 3770 dolore
910 3710 1094 3769 infidelitatis
1116 3707 1311 3782 suspicionem

189 3821 205 3872 2
228 3817 374 3876 sustinere
397 3819 583 3893 viderentur;
607 3818 802 3877 discedentem
824 3830 895 3872 vero
918 3830 955 3871 ex
970 3813 1104 3871 contione
1118 3810 1251 3869 universi
1266 3825 1312 3866 co·

229 3919 401 3995 hortantur,
431 3938 537 3994 magno
568 3921 608 3979 sit
630 3921 726 3978 animo
752 3937 809 3980 neu
832 3915 946 3976 dubitet
967 3913 1111 3988 proelium
1133 3912 1312 3970 committere
