2964 4506
392 69 401 294 i
451 109 462 344 l

176 471 315 546 instituit,
331 477 366 530 ut
377 454 491 530 Achaia
502 471 619 530 Fufium
632 472 813 548 prohiberet.
836 469 962 530 Galenus
973 470 1112 546 Delphos,
1128 469 1254 545 Thebas,
1276 489 1291 540 3

177 573 389 634 Orchomenum
411 575 565 633 voluntate
587 574 719 650 ipsarum
741 574 906 634 civitatium
928 574 1051 649 recepit,
1073 589 1132 632 non
1156 572 1255 632 nullas

177 677 265 736 urbes
279 693 334 753 per
348 678 409 737 vim
424 677 623 753 expugnarit3
645 676 775 750 reliquas
790 677 929 736 civitates
944 677 1151 737 circummissis
1173 679 1255 753 lega-

617 295 667 351 111.
686 297 795 351 53-58.
1204 295 1245 354 89

155 774 307 838 'tionibus
335 780 484 838 amicitiae
506 777 643 838 Caesaris
664 779 822 838 conciliare
851 779 995 840 studebat
1039 779 1076 839 In
1097 781 1145 840 his
1166 783 1255 842 rebus
1370 811 1376 824 ν

176 881 240 941 fere
261 887 328 941 erat
349 881 452 940 Fuilm
473 886 641 956 occupatus.

262 976 317 1047 67.
338 983 421 1044 Haec
431 1000 496 1044 cum
507 985 540 1042 in
549 983 662 1043 Achaia
672 988 762 1056 atque
773 983 852 1060 apud
862 984 1063 1058 Dyrrachium
1078 993 1256 1060 gererentur

178 1085 399 1161 Scipionemque
425 1087 458 1145 iu
485 1085 685 1145 Macedoniarn
717 1086 834 1146 venisse
862 1093 1027 1163 constaret,
1060 1105 1119 1148 non
1147 1089 1256 1148 oblitus

176 1188 298 1264 pristini
319 1188 453 1246 instituti
474 1187 584 1248 Caesar
605 1188 701 1246 mittit
721 1187 760 1247 ad
775 1204 840 1247 eum
854 1188 889 1248 Α.
904 1187 1044 1265 Clodium,
1067 1207 1152 1250 suum
1167 1197 1256 1265 atque

98 1273 101 1276 ¹
176 1289 259 1349 illius
279 1290 465 1364 familiarem,
487 1307 573 1364 quem
587 1291 624 1348 ab
646 1290 699 1348 illo
713 1289 856 1348 traditum
878 1289 964 1350 initio
980 1297 1010 1350 ct
1025 1292 1257 1352 commendatum

176 1393 209 1452 111
231 1407 350 1450 suorum
371 1391 602 1451 necessariorum
623 1407 745 1450 numero
765 1391 875 1451 habere
889 1392 1072 1453 instituerat.
1105 1394 1184 1453 Huic
1205 1395 1258 1454 dat
1278 1403 1293 1454 2

144 1495 146 1502 ’
176 1496 294 1555 litteras
315 1494 512 1568 mandataque
534 1493 572 1554 ad
594 1510 675 1570 eum,
703 1510 827 1568 quorum
854 1494 927 1553 haec
949 1501 1016 1554 erat
1038 1513 1164 1558 summa:
1187 1495 1258 1557 Sese

175 1598 274 1658 omnia
301 1598 338 1656 rie
365 1613 437 1674 pace
463 1602 619 1673 expertum
648 1597 724 1656 nihil
746 1596 842 1656 adhuc
864 1597 1007 1672 effecisse;
1036 1598 1092 1658 hoc
1113 1601 1258 1662 arbitrari

176 1700 251 1760 vitio
273 1699 385 1758 iactum
400 1715 507 1774 eorum,
530 1715 602 1773 quos
624 1715 688 1758 esse
702 1704 839 1758 auctores
861 1700 925 1758 eius
939 1701 983 1759 rei
1005 1701 1158 1777 voluisset,
1181 1701 1258 1775 quod

175 1817 231 1860 sua
258 1801 399 1860 mandata
423 1802 558 1876 perferre
579 1818 638 1861 non
665 1806 830 1875 opportuno
858 1807 991 1876 tempore
1019 1803 1057 1861 ad
1085 1802 1258 1879 Pompeium

177 1909 362 1963 vererentur.
393 1902 559 1980 Scipionem
581 1920 617 1962 ea
631 1919 694 1962 esse
710 1904 897 1980 auomritate,
919 1910 1027 1963 utnon
1049 1905 1143 1964 solum
1164 1906 1257 1966 libere
1279 1911 1295 1961 a

176 2023 251 2081 qnae
272 2008 428 2084 probasset
442 2022 596 2082 exponere,
619 2006 670 2066 sed
685 2007 775 2065 etiam
790 2023 827 2065 ex
841 2023 950 2080 magna
970 2012 1059 2082 parte
1081 2009 1258 2084 compellare

177 2113 266 2181 atque
296 2113 446 2168 errantem
478 2123 584 2182 regere
613 2113 725 2182 possem
761 2123 899 2181 praeesse
928 2113 1027 2167 autem
1055 2124 1109 2168 suo
1141 2110 1257 2168 nomine

174 2209 326 2286 exercitui,
349 2215 384 2268 ut
404 2215 526 2287 praeter
548 2209 756 2269 auctoritatem
776 2209 857 2268 vires
879 2225 993 2284 quoque
1008 2210 1045 2269 ad
1067 2211 1257 2271 coercendum

177 2310 309 2371 haberet.
340 2311 464 2384 Quodsi
485 2313 613 2387 fecisset,
636 2313 764 2387 quietem
779 2311 895 2388 Italiae,
911 2329 1014 2388 pacem
1027 2314 1256 2390 provinciarum,
1279 2321 1294 2372 l

173 2415 300 2474 salutem
321 2416 439 2492 imperii
459 2416 512 2474 uni
533 2431 633 2474 omnes
655 2419 806 2489 acceptam
834 2415 992 2475 relaturos.
1028 2415 1111 2475 Haec
1132 2417 1170 2475 all
1193 2432 1259 2475 eum
1280 2423 1295 2474 5

172 2516 314 2576 mandata
327 2515 446 2576 clodius
472 2517 569 2575 refert
583 2533 618 2574 ac
638 2517 743 2592 primis
758 2516 869 2591 diebus,
890 2522 925 2574 ut
939 2516 1106 2592 videbatur,
1129 2517 1258 2576 libenter

173 2619 293 2677 auditus
308 2618 431 2691 reliquis
445 2617 484 2677 ai
498 2618 683 2691 conloquium
698 2633 757 2676 non
772 2617 943 2676 admittitur
958 2618 1106 2692 castigato
1122 2618 1257 2694 Scipione

173 2737 192 2780 a
213 2721 359 2796 Favonio,
387 2726 423 2779 ut
443 2727 548 2797 postea
569 2721 700 2780 confecto
721 2720 799 2779 bello
826 2720 1062 2796 reperiebamus,
1090 2721 1259 2794 infectaque

173 2841 207 2883 re
229 2840 293 2883 sese
315 2824 353 2882 ad
376 2823 534 2884 Gaesarem
555 2824 676 2898 recepit.

258 2921 314 2989 58.
337 2925 454 3002 Caesar,
477 2943 534 3000 quo
548 2926 667 2985 facilius
682 2925 848 2999 equitatum
863 2924 1076 3001 Pompeianum
1090 2922 1130 2982 ai
1143 2924 1258 2998 Dyrra-

174 3029 271 3088 chium
300 3029 465 3086 contineret
486 3033 518 3086 et
538 3028 729 3101 pabulatione
752 3027 935 3102 prohiberet,
958 3027 1056 3086 olims
1078 3026 1163 3101 duos,
1186 3043 1258 3100 quos

173 3146 237 3189 esse
266 3134 408 3202 angustos
436 3128 715 3203 demonstravimus,
743 3129 861 3200 magnis
894 3129 1032 3202 operibus
1057 3129 1259 3205 praemunivit

174 3232 355 3305 castellaque
376 3231 423 3290 his
437 3231 510 3290 locis
524 3231 631 3306 posuit
657 3230 823 3306 Pompeius,
846 3230 898 3288 ubi
913 3229 988 3288 nihil
1003 3229 1107 3304 profici
1122 3231 1258 3303 equitatu
1278 3238 1293 3288 2

174 3336 325 3411 cognovit,
347 3335 450 3412 paucis
472 3334 650 3393 intermissis
671 3333 775 3393 diebus
804 3347 909 3391 rursus
930 3348 996 3390 eum
1019 3333 1145 3392 navibus
1168 3332 1205 3391 ad
1226 3348 1258 3390 se

174 3439 256 3498 intra
278 3438 455 3497 munitiones
477 3437 597 3514 recepit.
635 3436 713 3497 Erat
736 3453 849 3496 summa
870 3436 972 3511 inopia
993 3435 1104 3510 pabuli,
1132 3421 1296 3494 1111101113

174 3541 254 3600 foliis
283 3556 320 3598 ex
348 3540 504 3598 arboribus
532 3540 647 3598 strictis
677 3546 707 3598 et
737 3540 849 3599 tenens
877 3538 1077 3598 harundinum
1109 3537 1259 3596 radicibus

174 3643 305 3703 contusis
335 3657 424 3716 equos
455 3642 578 3700 alerent.
622 3639 785 3700 Frumenta
807 3641 899 3715 enlm,
933 3653 1009 3714 quae
1036 3639 1157 3698 fuerant
1178 3639 1260 3698 intra

174 3745 352 3805 munitiones
374 3749 449 3819 sata
472 3748 731 3818 consumpserant3
754 3743 939 3817 cogebantur
956 3741 1088 3816 Corcyra
1110 3745 1201 3815 atque
1223 3740 1296 3800 abl

174 3846 345 3906 Acarnania
358 3846 447 3919 longo
463 3844 620 3904 interiecto
635 3845 839 3918 navigationis
860 3845 958 3921 spatio
979 3843 1120 3918 pabulum
1136 3858 1258 3917 suppor-

174 3954 248 4022 tare,
271 3946 404 4022 quodque
419 3953 486 4006 erat
500 3947 563 4006 eius
577 3947 623 4006 rei
641 3947 738 4005 minor
760 3947 852 4023 copia,
875 3946 984 4005 hordeo
999 3945 1149 4018 &augere
1172 3947 1258 4017 atque
