2964 4506
244 255 285 311 14
623 255 675 309 DE
693 255 810 310 BELLO
828 255 940 310 CIVILI

205 427 444 506 3profectionem
476 448 579 507 parare
600 430 702 508 incipit
724 436 768 509 et,
796 449 854 508 quo
883 430 999 492 facilius
1027 432 1166 509 impetum
1190 431 1321 492 (lassaris

239 533 375 610 tardaret,
397 551 434 593 ne
448 535 504 594 sub
518 534 584 609 ipsa
597 532 775 611 profectione
789 534 893 594 milites
908 537 938 594 in
962 537 1101 613 oppidum
1116 535 1322 613 inrumperent,

240 639 340 713 portas
362 636 500 712 obstruit,
528 635 607 696 vicos
628 637 797 712 plateasque
824 636 1001 716 inaediiioat,
1027 637 1120 698 fossas
1146 645 1323 698 manaversas

205 744 219 791 l
241 736 296 796 viis
311 737 461 814 praeducit
475 743 563 812 atque
577 737 617 798 ibi
633 738 719 798 sudes
734 739 903 814 stipitesque
918 745 1088 815 praeacutos
1102 739 1211 816 defigit.
1241 740 1329 798 Haec

239 839 353 899 levibus
375 840 500 900 natibus
522 846 655 916 terraque
682 840 835 919 inaequat3
864 841 959 902 aditus
987 847 1083 903 autem
1111 848 1199 918 atque
1221 841 1324 902 itinera

240 941 314 1019 duo,
346 960 422 1018 quae
442 947 524 1003 extra
545 957 660 1002 murum
683 943 720 1002 ad
745 948 861 1020 portum
889 943 1037 1023 ferebant,
1064 945 1198 1006 maximis
1220 944 1323 1004 defixis

203 1049 218 1098 5
240 1043 372 1104 trabibus
394 1050 481 1120 atque
495 1045 532 1104 iis
547 1044 707 1122 praeacutis
722 1048 895 1122 praesaepit.
921 1046 977 1105 His
992 1049 1102 1124 paratis
1116 1048 1202 1108 rebus
1218 1047 1322 1107 milites

238 1147 354 1206 silentio
376 1165 465 1207 naves
487 1147 677 1207 consesndere
703 1149 799 1226 iubet,
827 1149 978 1224 expeditos
1008 1154 1105 1209 autem
1127 1167 1164 1209 ex
1186 1150 1322 1225 evocatis,

238 1250 404 1325 sagittarios
437 1248 658 1324 funditoresque
686 1267 766 1310 raros
798 1252 829 1310 in
857 1269 940 1310 muro
968 1253 1156 1327 turribusque
1187 1250 1320 1328 disponit

201 1354 216 1402 6
238 1347 301 1406 Hos
324 1352 400 1407 certo
422 1348 507 1423 signo
536 1365 672 1408 revocare
700 1349 860 1427 constituit,
888 1368 953 1410 cum
984 1368 1083 1410 omnes
1104 1351 1211 1411 milites
1232 1367 1321 1409 naves

238 1449 477 1527 conscendissent,
499 1455 587 1525 atque
601 1449 634 1509 iis
656 1451 791 1527 expedito
813 1452 876 1512 loco
891 1454 1021 1512 actuaria
1035 1454 1155 1528 navigia
1177 1450 1321 1526 relinquit

323 1545 379 1612 28.
402 1550 569 1611 Brundisini
583 1552 827 1628 Pompeianorum
842 1553 963 1613 militum
985 1553 1095 1613 iniuriis
1116 1559 1205 1629 atque
1228 1553 1321 1630 ipsius

200 1662 214 1711 2
238 1652 361 1730 Pompei
375 1653 556 1714 contumeliis
577 1654 702 1729 permoti
717 1653 847 1713 Caesaris
868 1655 954 1714 rebus
976 1653 1124 1715 favebant.
1148 1655 1254 1730 ltaque
1276 1673 1320 1714 oo

238 1755 320 1830 gnita
341 1755 461 1829 Pompei
481 1753 661 1831 profectione
683 1756 920 1817 concursantibus
941 1757 997 1817 illis
1012 1762 1100 1833 atque
1121 1757 1151 1816 in
1173 1775 1208 1817 ea
1229 1775 1261 1816 re
1276 1775 1320 1816 oe

236 1856 348 1933 cupatis
369 1857 459 1933 vulgo
481 1875 517 1917 ex
532 1857 613 1917 tectis
627 1857 841 1934 significabant
871 1861 926 1920 Per
947 1878 1021 1936 quos
1035 1877 1067 1920 re
1082 1863 1199 1937 cognita
1215 1858 1320 1919 Caesar

236 1959 328 2018 scalas
349 1961 447 2035 parari
462 1959 624 2036 militesque
639 1963 746 2020 armari
768 1961 858 2038 iubet,
879 1979 917 2022 ne
939 1980 1027 2038 quam
1046 1964 1089 2021 rei
1111 1959 1257 2038 gerendae
1277 1959 1319 2019 fa·

199 2061 373 2121 acuitatem
389 2061 520 2122 dimittat.
550 2062 705 2139 Pompeius
727 2063 782 2122 sub
797 2068 909 2124 noctem
926 2081 1015 2124 navas
1030 2064 1125 2124 solvit.
1164 2061 1223 2136 Qui
1237 2067 1320 2123 erant

236 2165 268 2223 in
290 2180 373 2221 muro
396 2162 543 2224 custodiae
565 2182 653 2224 causa
674 2165 828 2241 conlocati,
851 2183 885 2226 eo
907 2167 1005 2243 signo,
1037 2166 1115 2242 quod
1137 2169 1319 2240 convenerat,

197 2278 213 2326 4
233 2270 408 2326 revocantur
429 2267 564 2342 notisque
585 2267 737 2327 itineribus
760 2267 798 2326 ad
819 2285 908 2328 naves
934 2269 1097 2331 decurrunt
1140 2269 1246 2328 Milites
1268 2287 1318 2344 po-

234 2370 297 2431 sitis
319 2369 403 2429 scalis
425 2386 523 2428 muros
538 2368 704 2447 ascendunt,
726 2369 777 2428 sed
791 2370 896 2429 moniti
910 2387 929 2429 a
942 2370 1135 2448 Brundisinis,
1156 2375 1189 2430 ut
1210 2372 1318 2430 vallum

234 2489 352 2533 caecum
366 2469 518 2545 fossasque
541 2476 669 2548 caveant,
691 2471 854 2531 subsistrmt
871 2476 900 2531 et
920 2473 1008 2548 longo
1030 2472 1133 2533 itinere
1148 2473 1185 2532 ab
1201 2472 1246 2532 bis
1268 2472 1318 2532 cir

235 2573 380 2636 cumducli
407 2573 444 2632 ad
473 2577 590 2648 portum
612 2573 785 2650 perveniunt
812 2574 944 2650 duasque
966 2592 1055 2634 naves
1084 2593 1150 2635 cum
1172 2574 1318 2651 militibus,

233 2695 311 2754 quae
332 2675 370 2736 ad
390 2676 481 2736 moles
507 2674 637 2735 (laeseris
658 2675 856 2752 adhaeserant,
877 2676 990 2753 scaphis
1013 2677 1204 2754 lintribusque
1225 2695 1317 2756 repre

234 2780 374 2856 hendunt,
395 2777 582 2855 reprehensas
604 2778 760 2855 excipiunt

322 2875 375 2943 29.
398 2879 518 2958 Caesar,
541 2880 594 2940 etsi
616 2880 653 2939 ad
673 2899 754 2958 spem
779 2880 952 2942 conficiendi
974 2881 1083 2958 negotii
1104 2883 1232 2942 maxime
1252 2900 1317 2957 pro·

236 2983 326 3043 babai
349 2982 454 3042 coactis
476 2981 598 3042 navibus
620 3001 700 3042 mare
721 2983 842 3043 transire
864 2988 893 3043 et
914 2983 1084 3060 Pompeium
1110 2983 1205 3061 sequi,
1236 2983 1317 3060 prius

234 3103 323 3161 quam
345 3084 393 3144 ille
414 3101 476 3144 sese
497 3084 695 3145 transmarinis
717 3084 830 3146 auxiliis
852 3083 1052 3165 confirmarat,
1073 3089 1170 3144 tamar
1193 3086 1256 3145 eius
1276 3084 1318 3145 rei

235 3204 346 3246 moram
361 3185 556 3262 temporisque
576 3187 818 3263 longinquitatem
838 3186 965 3265 timebat,
988 3185 1066 3262 quod
1089 3185 1223 3246 omnibus
1238 3204 1317 3246 coac-

235 3288 271 3348 tis
292 3288 416 3348 uavibus
432 3288 586 3365 Pompeius
607 3294 788 3364 praesentem
810 3288 977 3348 facultatem
992 3287 1162 3362 insequendi
1183 3287 1229 3347 sui
1250 3287 1315 3348 ade-

198 3400 213 3449 2
235 3395 335 3450 morat
368 3389 604 3467 Relinquebatur,
626 3395 658 3450 ut
680 3408 716 3448 ex
738 3389 990 3467 longinquioribus
1011 3389 1181 3466 regionibus
1205 3388 1317 3450 Galliae

235 3491 391 3567 Picenique
412 3496 473 3551 eta
494 3489 568 3552 freto
583 3509 672 3552 naves
694 3498 790 3553 essent
804 3491 1024 3570 exspectandae.
1049 3491 1083 3550 Id
1104 3497 1223 3569 propter
1247 3495 1317 3552 anni

198 3600 349 3671 atempus
377 3595 496 3670 longum
528 3598 616 3668 atque
642 3594 813 3672 impeditum
841 3594 1003 3655 ridebatur.
1049 3595 1163 3654 Interea
1189 3598 1316 3654 veterem

234 3696 400 3772 exercitum,
422 3696 493 3756 duas
514 3695 669 3773 Hispanias
692 3695 864 3775 confirmari,
886 3714 1008 3773 quarum
1031 3701 1093 3757 erat
1114 3695 1204 3755 altera
1225 3697 1316 3754 maxi·

234 3799 289 3858 mis
304 3796 451 3859 beneficiis
466 3798 585 3875 Pompei
601 3799 742 3878 devincta,
757 3800 873 3877 auxilia,
889 3800 1049 3876 equitatum
1063 3797 1168 3876 parari,
1191 3796 1315 3858 Galliam

235 3901 408 3977 Italiamque
429 3901 563 3979 temptari
583 3920 615 3962 se
636 3903 756 3963 absente
777 3903 903 3962 nolebat.

1466 337 1476 388 i
