2964 4506
230 242 290 300 108
607 241 657 295 DE
674 241 792 297 BELLO
812 241 925 297 01va

228 417 340 493 argenti
368 415 482 491 pondus
510 416 691 494 expositum,
723 419 885 478 recentibus
917 417 1089 494 caespitibus
1118 417 1304 477 tabernacula

228 523 382 593 constrata,
404 519 437 578 L.
452 519 538 578 etiarn
553 519 670 578 Lentuli
692 525 721 580 et
735 539 794 581 non
809 522 954 580 nullorum
969 521 1155 580 tabernacula
1175 524 1305 596 protecta

229 619 335 680 hedera
356 621 505 697 multaque
528 627 684 696 praeterea,
715 640 791 698 quae
812 622 931 682 nimiam
953 621 1096 682 luxuriam
1119 626 1149 682 et
1169 620 1306 682 victoriae

230 721 365 782 fiduciam
395 723 593 800 designarent,
622 729 655 784 ut
682 722 766 785 facile
795 724 953 785 existimari
981 729 1079 801 posset
1106 723 1177 784 nihil
1198 741 1247 783 eos
1268 722 1305 783 de

234 829 339 884 eventu
361 825 422 884 eius
444 825 501 886 disi
522 826 665 903 timuisse,
687 827 738 902 qui
758 845 817 886 non
839 829 1014 886 necessarias
1036 825 1236 900 conquirerent
1257 844 1305 885 vo

196 930 367 1002 tluptctes.
411 929 463 987 At,
477 927 508 987 hi
535 928 694 988 miserrimo
724 947 758 988 ac
785 929 994 1005 patientissimo
1016 929 1153 988 exercitui
1177 927 1306 988 Caesaris

227 1032 369 1092 luxuriem
397 1030 575 1105 obiciebant,
607 1032 653 1090 cui
680 1049 794 1106 semper
822 1033 921 1090 omnia
942 1031 980 1090 ad
1007 1031 1197 1091 necessarium
1220 1048 1305 1090 usum

191 1140 206 1188 a
230 1133 397 1194 defuissent.
424 1132 590 1209 Pompeius,
611 1151 676 1192 eum
698 1133 756 1192 iam
778 1133 853 1192 intra
873 1133 982 1192 vallum
1004 1132 1093 1192 nostri
1116 1136 1306 1209 versarentur,

231 1254 338 1313 equum
360 1241 463 1296 nactus
485 1235 618 1296 essaeus
640 1235 802 1312 insignibus
824 1235 1015 1310 imperatoriis
1041 1235 1201 1295 decumana
1221 1239 1306 1310 porta

230 1358 261 1399 se
283 1357 319 1399 ex
342 1338 441 1398 castris
463 1337 545 1398 eiecit
572 1337 762 1414 protinusque
784 1355 859 1413 equo
889 1337 975 1398 citato
997 1337 1126 1397 Isrisam
1150 1337 1306 1398 contendit·

194 1448 209 1498 4
231 1442 337 1516 Neque
359 1440 399 1501 ibi
423 1440 564 1517 constitit,
591 1441 642 1500 sed
664 1441 765 1500 eadem
787 1440 931 1500 celeritate
957 1457 1066 1517 paucos
1087 1458 1155 1500 suos
1177 1457 1213 1498 ex
1234 1437 1307 1515 fugo

228 1548 330 1603 nactus
358 1547 499 1602 nocturno
528 1543 631 1602 itincre
659 1561 719 1602 non
746 1542 907 1602 intermisso
936 1542 1072 1602 comitatu
1095 1541 1223 1617 equiturn
1245 1561 1305 1600 xxx

229 1644 266 1704 sd
289 1663 368 1705 mare
389 1643 522 1719 pervenit
535 1661 699 1719 navemque
720 1642 937 1704 frumentariam
960 1643 1136 1720 conscendit,
1157 1661 1252 1720 saepe,
1273 1648 1306 1702 ut

228 1747 395 1818 dicebatur,
425 1765 548 1822 querens
576 1751 689 1806 tantum
718 1764 749 1806 se
778 1745 940 1823 opinionem
963 1744 1112 1823 fefellisse,
1136 1750 1185 1819 ut,
1208 1764 1306 1821 aquo

230 1867 336 1926 genere
357 1848 506 1909 hominum
529 1848 677 1908 victoriam
706 1853 864 1924 sperasset,
893 1849 930 1908 ab
959 1865 994 1908 eo
1016 1849 1097 1908 initio
1118 1847 1208 1924 fugae
1229 1847 1306 1909 facto

228 1969 322 2026 paene
343 1951 474 2028 proditus
496 1951 651 2010 videretur.

317 2051 374 2117 97.
398 2052 504 2114 Caesar
519 2054 617 2114 eastris
631 2053 740 2130 potitus
756 2071 773 2113 a
787 2053 924 2113 militibus
946 2051 1099 2119 contendit.
1121 2069 1159 2112 ne
1171 2052 1201 2110 in
1223 2069 1305 2128 pree-

191 2163 205 2214 2
230 2157 268 2215 da
290 2156 421 2231 occupati
443 2155 544 2232 reliqui
565 2156 674 2232 negotii
696 2155 814 2232 gerendi
834 2154 1001 2216 facultatem
1023 2154 1207 2214 dimitterent.
1240 2153 1306 2227 Qua

232 2275 263 2316 re
285 2257 440 2333 impetrata
461 2262 589 2317 montem
612 2275 699 2334 opere
721 2257 939 2316 circummunire
960 2257 1093 2317 instituit.
1130 2255 1306 2332 Pompeiani,

230 2358 309 2434 quod
330 2360 356 2418 is
371 2377 454 2418 mons
469 2363 531 2418 erat
545 2360 609 2418 sine
623 2377 708 2435 aqua,
730 2357 819 2418 diffisi
834 2359 859 2418 ei
876 2360 940 2419 loco
955 2359 1052 2419 relicto
1067 2363 1166 2419 moute
1180 2357 1307 2418 universi

191 2471 207 2522 3
228 2462 306 2537 iugis
327 2461 363 2520 iis
384 2461 514 2520 Larisam
536 2477 636 2521 versus
657 2479 689 2522 se
710 2462 838 2538 recipere
853 2465 1018 2538 coeperunt.
1052 2459 1164 2533 Quare
1179 2459 1306 2518 animad-

225 2582 309 2623 versa
332 2563 437 2624 Caesar
462 2566 563 2640 copias
583 2582 651 2624 suas
673 2563 769 2624 divisit
791 2569 962 2640 partemque
983 2563 1132 2640 legionum
1153 2563 1182 2622 in
1209 2561 1307 2622 castris

231 2666 351 2743 Pompei
365 2685 513 2727 remanere
526 2667 618 2744 iussit,
638 2672 750 2744 partem
772 2666 871 2726 insua
892 2671 986 2726 casira
1007 2665 1122 2741 remisit,
1144 2683 1189 2723 1111
1210 2682 1307 2724 secum

229 2770 361 2844 legiones
398 2769 481 2828 duxit
517 2769 770 2844 commodioreque
805 2768 905 2827 itinere
942 2765 1123 2842 Pompeianis
1160 2783 1308 2826 occurrere

194 2882 210 2931 t
232 2873 328 2945 coepit
349 2876 378 2929 et
399 2887 569 2946 progressus
591 2871 670 2928 milia
691 2887 828 2946 passuum
845 2887 875 2926 vr
896 2868 986 2927 ccicrn
1007 2866 1151 2927 instruxit.
1189 2866 1256 2940 Qua
1276 2885 1308 2927 re

230 2971 432 3031 animadversa
454 2971 624 3047 Pompeiani
645 2972 675 3031 in
704 2969 831 3046 quodam
853 2974 952 3030 moute
981 2968 1176 3030 constiterunt.
1220 2970 1308 3031 Hunc

228 3080 357 3133 montem
371 3071 481 3133 flumen
504 3072 667 3134 subluebat
704 3071 809 3132 Caesar
831 3071 935 3131 milites
950 3071 1123 3142 cohortatum,
1146 3071 1199 3132 etsi
1220 3073 1308 3132 totius

225 3173 280 3234 diei
303 3175 464 3235 continenti
485 3175 584 3236 labore
606 3180 688 3235 erant
710 3172 833 3235 confecti
849 3191 967 3250 noxque
981 3175 1040 3232 iam
1061 3174 1188 3250 suberat,
1210 3178 1307 3234 tamen

217 3279 394 3337 'munitione
415 3277 527 3338 flumen
550 3295 569 3336 a
590 3282 688 3337 monte
709 3277 835 3354 seclusit,
856 3295 894 3336 ne
915 3281 1002 3338 noctu
1024 3277 1125 3353 aquari
1140 3277 1308 3353 Pompeiani

191 3387 205 3436 5
226 3385 353 3455 possent.
392 3378 458 3452 Quo
475 3378 603 3455 perfecto
619 3397 707 3454 opere
721 3379 761 3438 illi
775 3379 811 3438 dc
832 3378 978 3439 deditione
992 3377 1084 3437 missis
1098 3378 1201 3454 legatis
1222 3397 1309 3455 agero

228 3487 393 3560 coeperunt
430 3480 519 3542 Pauci
534 3480 643 3540 ordinis
664 3483 811 3557 senatorii,
833 3481 884 3557 qui
904 3498 935 3540 se
949 3499 1015 3540 oum
1037 3480 1071 3540 iis
1093 3481 1309 3556 coniunxerant,

228 3590 315 3644 nocte
336 3582 409 3659 fuga
422 3584 547 3643 salutem
569 3583 741 3660 petiverunt.

321 3682 379 3749 98.
403 3684 509 3745 Caesar
531 3688 627 3761 prima
647 3687 711 3746 luce
733 3704 833 3746 omnes
855 3703 912 3758 eos,
934 3685 985 3762 qui
1005 3685 1035 3744 in
1057 3689 1156 3745 monte
1177 3686 1309 3746 consede

226 3793 299 3864 rant,
331 3788 585 3864 exsuperioribus
608 3789 677 3848 locis
698 3790 729 3847 iu
751 3788 900 3865 planitiem
926 3786 1098 3848 descendere
1120 3792 1207 3864 atque
1229 3807 1310 3848 arma

193 3891 359 3966 tproiosre
380 3889 469 3951 iussit.
514 3889 600 3964 Quod
629 3891 679 3951 ubi
705 3891 767 3950 sine
794 3889 972 3950 recusatione
997 3887 1129 3950 feceruut
1159 3891 1309 3966 passisque
