2960 4500
241 258 282 316 48
620 258 806 314 1111111110
826 258 941 313 OIVILI

235 435 364 493 detineri
396 435 547 510 cognovit,
581 435 680 508 copias
712 434 815 493 Petrei
849 451 913 494 cum
947 435 1079 494 exercitu
1102 436 1223 495 Afranii
1257 452 1322 494 1111

235 537 415 607 coniunctas,
438 554 547 611 magna
568 537 681 596 auxilia
703 537 882 613 convenisse,
901 535 1013 612 'magna
1036 555 1098 597 esse
1119 540 1150 597 in
1165 555 1216 612 spe
1231 543 1320 611 atque

235 641 403 714 exspectari
425 646 456 699 et
478 640 644 699 consentire
659 657 772 698 omnem
793 640 960 699 citeriorem
976 641 1166 717 provinciam,
1189 657 1322 713 quaeque

235 748 339 816 postea
372 743 541 801 acciderant
574 743 610 802 de
637 743 784 816 angustiis
813 744 851 801 ad
878 743 1008 801 Ilerdam
1036 745 1080 802 rei
1107 743 1320 801 frumentariae

237 845 359 920 accepit,
383 849 470 918 atque
491 845 565 904 haec
586 845 624 904 ad
646 861 711 903 eum
733 846 825 903 latius
847 850 936 918 atque
951 844 1081 904 inflatius
1096 845 1241 904 Afranius
1255 860 1323 918 per·

234 948 394 1022 scribebat,
417 964 449 1006 sc
471 955 589 1021 quoquc
607 947 644 1006 ad
666 953 762 1006 motus
784 948 923 1007 fortunae
944 965 1062 1007 movere
1084 949 1188 1021 coepit.

323 1046 381 1116 18.
402 1050 551 1109 Dilectum
572 1051 678 1109 babuit
699 1056 765 1108 tota
786 1051 954 1124 provincia:
977 1051 1144 1124 legionibus
1167 1051 1341 1125 completis.

235 1151 349 1210 duabus
370 1153 505 1211 cohortes
520 1153 640 1211 circiter
653 1170 715 1210 xxx
730 1153 841 1211 alarias
856 1152 977 1212 addidit.
1008 1153 1163 1211 Frumenti
1178 1169 1317 1227 magnum

235 1269 388 1313 numerum
410 1255 521 1331 coegit,
545 1254 621 1328 quod
643 1254 891 1330 Massiliensibus,
921 1256 992 1313 item
1015 1254 1091 1329 quod
1113 1254 1238 1313 Afranio
1260 1255 1318 1313 Pa·

236 1357 368 1430 treioque
389 1359 530 1416 mitteret.
560 1358 660 1417 Naves
681 1359 786 1431 longas
810 1375 829 1415 x
852 1357 1009 1416 Gaditanis
1032 1363 1066 1415 11
1079 1359 1214 1416 11111111
1228 1358 1318 1431 impe-

195 1465 212 1514 2
233 1459 322 1534 ravit,
346 1459 509 1532 complures
527 1465 684 1533 praeterea
698 1459 819 1533 Hispali
834 1458 984 1518 faciendas
999 1460 1125 1519 curavit.
1154 1459 1315 1517 Pecuniam

233 1576 346 1617 omnem
368 1561 522 1635 omniaque
544 1566 715 1621 ornamenta
737 1579 773 1618 ex
795 1562 863 1619 fano
886 1561 1024 1620 Herculis
1046 1563 1077 1619 in
1100 1560 1238 1635 oppidum
1259 1561 1318 1620 Ga-

234 1661 285 1720 des
307 1662 448 1737 contulit;
472 1680 504 1722 eo
528 1681 579 1722 sex
601 1663 736 1722 cohortes
757 1663 899 1737 praesidii
914 1680 1003 1721 causa
1020 1680 1056 1720 ex
1071 1664 1225 1737 provincia
1238 1663 1319 1722 misit

234 1763 397 1839 Gaiumque
420 1765 604 1842 Gallonium,
634 1767 760 1839 equitem
782 1766 961 1841 Romanum,
985 1765 1163 1824 familiarem
1184 1765 1317 1841 Domitii,

234 1866 284 1939 qui
307 1883 339 1926 eo
361 1867 564 1941 procurandae
585 1867 761 1927 hereditatis
776 1884 865 1926 causa
880 1873 1004 1926 venerat
1026 1868 1131 1926 missus
1147 1885 1165 1925 1
1179 1867 1317 1942 Domitio,

234 1967 339 2041 oppido
363 1968 494 2028 Gadibus
522 1971 680 2044 praefecit;
711 1986 794 2028 arma
823 1969 920 2027 omnia
948 1970 1069 2043 privata
1090 1985 1125 2027 ac
1145 1969 1265 2042 publica
1287 1968 1319 2027 in

195 2069 349 2129 udomum
372 2071 502 2130 Gallonii
524 2072 658 2131 contulit.
692 2073 760 2146 Ipse
783 2071 888 2130 habuit
910 2088 1018 2144 graves
1034 2071 1066 2128 in
1081 2069 1238 2129 Gaesarem
1253 2087 1319 2128 con·

237 2172 339 2232 tiones.
370 2173 463 2248 Saepe
486 2192 522 2233 ex
536 2176 681 2234 tribunali
698 2175 886 2249 praedicauit
908 2174 1034 2233 adversa
1057 2172 1212 2232 Gaesarem
1234 2189 1320 2247 proe-

236 2274 278 2333 lia
306 2275 424 2352 fecisse,
457 2293 596 2351 magnum
624 2294 776 2337 nnmerum
805 2278 842 2334 ab
871 2293 904 2333 co
940 2276 1067 2334 militum
1095 2274 1133 2333 ad
1160 2273 1319 2332 Afranium

235 2379 415 2453 perfugisse;
438 2380 511 2438 11111
533 2397 564 2440 11
586 2380 676 2439 certis
690 2379 812 2452 nuntiis,
835 2377 925 2435 certis
948 2377 1118 2435 auctoribus
1134 2376 1319 2449 comperisse.

197 2484 214 2534 4
236 2478 348 2549 Quibus
369 2463 458 2540 rebus
479 2483 656 2555 perterritos
678 2481 758 2540 cives
772 2480 920 2538 Romanos
942 2479 1005 2537 eius
1019 2478 1191 2552 provinciae
1207 2477 1264 2535 sibi
1281 2475 1320 2536 ad

241 2598 303 2640 rem
324 2584 472 2657 publicam
495 2583 758 2643 administrandam
772 2582 823 2643 HS
840 2575 952 2662 iffi!
973 2586 1004 2639 et
1024 2580 1143 2654 argenti
1163 2579 1257 2654 pondo
1274 2598 1319 2638 xx

198 2686 325 2762 51111111,
349 2686 444 2747 tritici
466 2686 593 2745 modium
615 2704 676 2744 cxx
698 2687 781 2743 milia
802 2685 937 2758 polliceri
960 2685 1064 2757 coegit.
1095 2683 1175 2755 Quas
1198 2681 1319 2742 Caesari

235 2805 298 2847 esse
314 2790 423 2847 amicas
438 2789 574 2848 civitates
590 2788 802 2860 arbitrabatur,
818 2785 865 2843 his
880 2787 1022 2858 graviora
1036 2801 1127 2842 onera
1141 2784 1318 2857 iniungebat

234 2889 441 2962 praesidiaque
463 2905 496 2946 eo
519 2887 679 2946 deducebat
701 2892 732 2944 et
753 2887 863 2945 iudicia
883 2888 915 2944 in
936 2886 1071 2960 privatos
1086 2883 1244 2959 reddebat,
1268 2886 1319 2958 qui

235 2993 327 3049 verba
360 2995 449 3063 atque
484 2990 646 3048 orationem
679 2987 822 3046 adversus
856 3004 919 3045 rem
950 2987 1098 3061 publicam
1130 2985 1317 3046 habuissent:

220 3109 335 3164 ,eorum
349 3094 427 3151 bona
441 3093 473 3150 in
487 3091 636 3166 publicum
651 3091 813 3151 addicebat.
843 3089 1033 3149 Provinciam
1048 3105 1160 3146 omnem
1175 3089 1207 3146 in
1222 3093 1319 3146 suaet

197 3205 213 3254 6
234 3194 357 3269 Pompei
379 3197 471 3254 verba
493 3197 539 3254 111
561 3195 718 3254 iurandum
741 3193 890 3266 adigebat.
922 3191 1056 3265 Cognitis
1070 3191 1108 3249 iis
1124 3191 1219 3265 rebus,
1243 3205 1319 3262 quae

235 3305 305 3357 1111
326 3305 429 3373 gestae
444 3299 475 3356 in
491 3298 628 3358 citeriore
642 3297 796 3370 Hispania,
819 3296 929 3353 bellum
947 3295 1082 3368 parabat.
1112 3294 1202 3351 Ratio
1219 3296 1319 3351 autem

234 3403 307 3460 haec
330 3407 396 3460 1111
417 3401 495 3476 belli,
519 3406 553 3459 ut
575 3415 606 3458 se
629 3415 692 3457 cum
708 3398 740 3456 H
755 3397 921 3470 legionibus
937 3395 1034 3454 Gades
1050 3395 1204 3470 conferret,
1226 3410 1318 3452 naves

235 3504 472 3575 frumentumque
505 3518 588 3560 omne
620 3501 662 3559 ibi
688 3499 864 3572 continerem
897 3497 1079 3571 provinciam
1106 3497 1183 3555 enim
1205 3511 1317 3553 omnem

235 3604 371 3664 Caesaris
393 3605 481 3662 rebus
503 3603 605 3662 favere
627 3603 813 3675 cognoverat.
843 3600 879 3657 In
900 3599 999 3658 insula
1014 3599 1161 3656 frumento
1177 3597 1317 3656 nauibus·

195 3716 290 3781 tque
318 3706 495 3780 comparatis
522 3705 632 3763 bellum
661 3703 726 3761 duci
755 3719 813 3760 non
836 3701 956 3760 difficile
979 3701 1176 3759 existimabat.
1206 3697 1317 3757 Caesar

234 3809 292 3868 etei
312 3808 414 3867 multis
434 3806 665 3879 necessariisque
687 3806 775 3863 rebus
797 3805 828 3862 in
850 3804 969 3861 Italiam
992 3803 1195 3875 revocabatur,
1218 3803 1316 3858 tamen

235 3913 431 3971 constituerat
453 3911 564 3969 nullam
585 3913 701 3982 partem
722 3907 795 3965 belli
817 3907 848 3964 in
865 3905 1019 3979 Hispaniis
1041 3903 1215 3978 relinquere,
1239 3901 1315 3975 quod
