2960 4500
210 232 248 288 70
575 231 624 286 DE
641 231 760 288 BELLO
780 232 894 288 CIVILI

208 407 424 467 difficilioribus
446 407 492 466 usi
507 409 733 482 tempestatibus
748 426 784 468 ex
798 411 933 486 pellibus,
957 412 1062 484 quibus
1085 416 1172 470 erant
1193 414 1288 470 tectae

171 520 312 585 tuaves,
345 514 520 569 nocturnum
553 511 688 584 excipere
721 529 817 571 rorem
850 517 1032 586 cogerentur.
1077 514 1156 585 Quas
1189 519 1288 572 tamen

209 612 401 671 difficultates
422 613 570 686 patienter
597 618 686 686 atque
709 631 801 688 aequo
830 616 927 674 animo
953 616 1091 675 ferebant
1112 633 1206 688 neque
1219 680 1220 684 ,
1232 617 1289 675 sibi

172 726 187 775 6
208 714 346 773 nudanda
367 713 458 772 litora
480 719 511 772 et
532 715 739 788 relinquendos
761 721 862 790 portus
888 717 1101 778 existimabant.
1146 717 1203 778 Sed
1225 734 1289 777 cum

211 822 309 876 essent
331 815 362 875 in
384 817 490 890 quibus
513 817 713 878 demonstravi
728 821 875 892 angustiis
897 836 932 879 ae
954 837 986 880 se
1007 821 1082 880 Libo
1104 838 1168 880 cum
1183 820 1290 879 Bibulo

211 919 418 994 coniunxisset,
433 920 593 992 loquuntur
607 921 692 979 ambo
707 938 744 980 ex
758 923 885 981 navibus
901 939 966 981 cum
980 923 1019 982 ld.
1034 923 1130 982 Acilio
1146 928 1177 982 et
1193 922 1289 982 Statio

211 1022 312 1082 Murco
344 1021 467 1096 legatis,
496 1038 618 1094 quorum
649 1023 727 1082 alter
757 1023 857 1098 oppidi
884 1025 991 1100 muris,
1012 1019 1103 1103 [alter
1135 1025 1291 1099 praesidiis

212 1124 404 1184 terrestribus
426 1129 578 1198 praeerat:
601 1125 679 1184 velle
701 1142 732 1184 se
754 1126 791 1184 de
812 1127 947 1185 maximis
968 1129 1057 1186 rebus
1079 1144 1143 1186 cum
1166 1126 1292 1187 Caesare

175 1235 189 1286 t
211 1227 306 1301 loqui,
335 1227 362 1284 si
383 1225 441 1284 sibi
463 1225 526 1285 eius
548 1227 593 1284 rei
615 1227 743 1286 facultas
766 1228 861 1287 detur.
905 1229 972 1288 Huc
998 1229 1111 1288 addunt
1131 1245 1227 1302 pauca
1248 1229 1293 1287 rei

215 1328 429 1388 confirmandae
441 1344 537 1404 cause,
550 1334 585 1387 ut
595 1329 631 1388 de
643 1331 851 1404 compositione
863 1332 959 1391 acturi
971 1332 1151 1391 viderentur.
1167 1331 1293 1390 Interim

177 1432 366 1506 apostulant
398 1436 432 1489 ut
460 1431 521 1489 sint
542 1431 675 1490 indutiae
697 1437 787 1506 atque
810 1434 847 1491 ab
868 1433 915 1492 bis
940 1433 1109 1508 impetrant.
1154 1433 1293 1507 Magnum

215 1535 292 1594 enim
307 1533 383 1608 quod
401 1533 575 1592 adferebant
588 1533 753 1610 videbatur,
782 1541 813 1594 et
824 1534 979 1594 Caesarem
993 1536 1024 1594 id
1039 1552 1149 1594 summe
1164 1535 1299 1596 sciebant

217 1653 338 1711 cupere,
367 1639 397 1695 et
417 1637 582 1709 profectum
604 1637 716 1710 aliquid
739 1636 865 1696 Vibullii
886 1637 1032 1696 mandatis
1060 1638 1294 1697 existimabatur.

303 1729 359 1798 16.
382 1733 492 1793 Caesar
514 1751 547 1793 eo
562 1739 694 1809 tempore
709 1750 774 1794 cum
788 1735 905 1810 legione
919 1752 979 1795 una
993 1737 1141 1810 proiectus
1163 1737 1200 1795 ad
1222 1735 1295 1795 reci·

217 1837 340 1912 piendas
361 1837 517 1896 ulteriores
540 1837 676 1896 civitates
698 1843 729 1896 et
750 1855 812 1897 rem
834 1839 1057 1898 frumentariam
1079 1839 1296 1914 expediendam,

219 1956 277 2014 qua
299 1944 428 2012 augusta
449 1940 596 2014 utebatur,
619 1945 686 1998 erat
708 1939 745 1998 ad
762 1939 950 2016 Buthrotum,
973 1940 1111 2015 oppidum
1133 1942 1297 2015 oppositum

181 2053 195 2102 2
219 2041 374 2116 Corcyrae.
403 2040 449 2100 Ibi
464 2041 574 2100 certior
589 2043 626 2100 ab
641 2041 735 2101 Acilio
758 2049 790 2102 et
803 2043 904 2103 llurco
926 2059 980 2117 per
1001 2043 1121 2102 litteras
1142 2044 1240 2102 lactus
1262 2044 1298 2102 de

218 2145 378 2219 postulatis
393 2143 516 2202 Libonis
538 2149 569 2202 et
583 2143 684 2204 Bibuli
705 2146 850 2220 legionem
865 2145 1012 2223 relinquit,
1034 2146 1097 2220 ipse
1113 2145 1231 2206 Oricum
1253 2163 1299 2204 re·

182 2259 197 2308 a
218 2247 355 2307 vertitur.
389 2247 433 2305 Eo
449 2262 513 2305 cum
528 2247 667 2322 venisset,
683 2253 845 2307 evocantur
858 2249 904 2306 illi
920 2247 957 2306 ad
972 2249 1163 2321 conloquium.
1193 2247 1300 2306 Prodit

219 2349 293 2409 Libo
319 2354 409 2423 atque
438 2355 560 2408 excusat
582 2348 735 2423 Bibulum,
765 2348 841 2422 quod
862 2349 887 2407 is
913 2349 1068 2408 iracundia
1096 2365 1208 2408 summa
1234 2355 1301 2408 erat

220 2451 448 2524 inimicitiasque
462 2451 592 2510 habebat
606 2451 694 2510 etiam
716 2451 849 2525 privatas
871 2467 935 2510 cum
952 2450 1079 2510 Caesare
1094 2468 1132 2510 ex
1146 2451 1300 2510 aedilitate

222 2561 253 2614 et
263 2559 405 2629 praetura
419 2553 478 2613 iam
493 2559 661 2628 conceptas:
678 2554 713 2612 ob
730 2570 794 2613 eam
805 2570 923 2613 oausam
935 2553 1118 2627 conloquium
1129 2553 1249 2628 vitasse,
1265 2569 1302 2612 ne

222 2675 271 2718 res
300 2658 445 2716 maximae
474 2656 535 2731 spei
562 2657 764 2729 maximaeque
786 2657 927 2716 utilitatis
948 2657 1012 2716 eius
1037 2657 1191 2715 iracundia
1212 2657 1303 2729 impe·

190 2771 205 2820 4
226 2761 368 2820 direntur.
399 2758 487 2818 Suam
509 2774 650 2816 summam
672 2773 736 2818 esse
757 2773 793 2814 ac
814 2757 907 2814 fuisse
928 2773 1043 2829 semper
1057 2756 1245 2830 voluntatem,
1268 2762 1303 2813 ut

226 2865 449 2935 componeretur
471 2863 560 2930 atque
574 2859 611 2916 ab
627 2858 717 2915 armis
739 2856 945 2930 discederetur,
968 2856 1019 2914 sed
1041 2861 1217 2930 potestatem
1240 2857 1303 2916 eius

225 2963 270 3022 rei
284 2962 397 3020 nullam
411 2959 528 3033 habere,
550 2963 709 3032 propterea
724 2959 800 3031 quod
818 2958 854 3016 de
869 2957 985 3016 consilii
1000 2958 1148 3016 sententia
1163 2974 1304 3018 summam

188 3059 296 3126 abelli
324 3073 480 3130 rerumque
508 3055 635 3114 omnium
656 3055 796 3132 Pompeio
824 3055 1019 3131 permiserint.
1063 3053 1120 3115 Sed
1146 3058 1305 3130 postulatis

228 3162 364 3223 Caesaris
385 3159 513 3234 cognitis
532 3159 674 3237 missuros
696 3159 734 3218 ad
755 3159 941 3234 Pompeium,
970 3164 1059 3233 atque
1085 3158 1170 3217 illum
1192 3160 1307 3232 reliqua

229 3282 282 3340 per
304 3281 335 3324 se
357 3269 492 3323 acturum
513 3262 703 3320 hortantibus
724 3261 805 3336 ipsis.
841 3261 962 3320 Interea
987 3264 1139 3319 manerent
1165 3261 1307 3336 indutiae,

230 3369 298 3428 dum
320 3366 424 3426 abillo
446 3363 539 3422 rediri
559 3367 664 3438 posset,
680 3379 754 3423 neve
776 3364 854 3422 alter
870 3362 959 3422 alteri
973 3367 1100 3421 noceret.
1137 3361 1204 3421 Huc
1225 3363 1308 3421 addit

231 3485 325 3545 pauca
347 3468 383 3526 de
405 3482 494 3525 causa
516 3470 547 3524 et
569 3464 605 3523 de
627 3465 718 3539 copiis
740 3465 917 3538 auxiliisque
939 3465 1008 3524 suis.

317 3565 372 3635 17.
394 3569 506 3642 Quibus
529 3568 617 3626 rebus
637 3583 732 3640 neque
753 3571 814 3627 tum
829 3567 1062 3642 respondendum
1077 3564 1186 3626 Caesar
1208 3567 1309 3624 existi·

228 3674 327 3746 ¹mamt
348 3689 441 3746 neque
463 3687 548 3746 nunc,
575 3675 610 3728 ut
630 3669 787 3730 memoriae
809 3670 981 3745 prodantur,
1004 3670 1078 3728 satis
1097 3684 1202 3727 causae
1224 3674 1310 3742 puta·

196 3786 210 3836 2
232 3793 305 3836 mus.
338 3773 516 3834 Postulabat
531 3771 648 3848 Caesar,
671 3776 704 3832 ut
717 3773 833 3847 legatos
848 3773 906 3831 sibi
921 3771 958 3830 ad
973 3769 1142 3845 Pompeium
1158 3769 1219 3828 sine
1234 3771 1310 3844 peri·

235 3880 300 3940 culo
315 3879 433 3937 mittere
454 3875 570 3950 liceret,
593 3873 679 3948 idque
700 3875 759 3948 ipsi
773 3875 837 3934 lore
852 3874 1018 3947 reciperent
1033 3879 1087 3932 aut
1101 3876 1237 3944 acceptos
1259 3889 1313 3946 per
