2960 4500
218 231 258 289 58
592 232 644 286 DE
661 231 779 288 BELLO
803 231 916 287 CIVILl

221 414 274 466 aut
297 408 367 480 quid
389 407 492 482 vellet,
527 407 690 483 quaesivit,
724 425 857 467 umerum
884 414 1019 482 apertum
1053 408 1152 482 gladio
1186 408 1309 484 adpetit,

223 510 402 586 paulumque
425 509 511 583 aluit,
534 510 605 582 quin
620 509 733 568 Varum
755 511 952 584 interficeret3
976 511 1052 583 quod
1073 511 1126 570 ille
1146 510 1309 584 periculum

227 612 343 670 sublato
367 611 405 670 ad
427 612 489 670 eius
512 617 648 670 conatum
672 618 753 671 scuto
769 613 888 672 vitavit.
918 612 1029 671 Fabius
1044 629 1062 671 1
1076 612 1218 689 proximis
1233 612 1308 670 mili·

178 721 193 769 1
216 714 296 772 tibus
324 714 540 773 circumventus
566 714 750 774 interficitur.
806 715 850 773 Ac
871 715 1049 788 fugientium
1064 715 1254 774 multitudino
1275 730 1310 772 ac

220 817 310 874 turbe
325 821 431 892 portae
445 822 611 875 castrorum
636 822 818 890 occupantur
834 823 923 890 atque
938 818 997 876 iter
1011 817 1181 892 impeditur,
1196 817 1309 892 plures-

224 937 280 993 que
303 920 334 977 in
356 935 390 977 eo
412 919 475 977 loco
498 920 562 977 sine
576 920 700 978 vulnere
720 936 807 993 quam
821 921 853 979 iu
867 920 979 996 proelio
995 925 1048 979 aut
1062 921 1135 993 fuga
1149 920 1309 994 intereunt,

186 1029 199 1076 4
224 1037 318 1094 neque
340 1021 465 1079 multum
488 1021 576 1096 aluit,
601 1023 671 1094 quin
694 1023 784 1080 etiam
815 1023 921 1080 castris
944 1023 1172 1097 expellerentur,
1195 1038 1310 1080 acuon

186 1128 201 1176 1
225 1123 301 1182 nulli
323 1124 460 1198 protinus
483 1124 582 1182 eodem
605 1141 692 1182 cursu
715 1125 746 1182 in
769 1125 906 1198 oppidum
921 1124 1142 1183 contenderunt.
1173 1123 1231 1184 Sed
1246 1140 1310 1182 cum

224 1225 284 1284 loci
310 1230 420 1284 natura
448 1231 479 1284 et
506 1226 630 1285 munitio
657 1232 823 1285 castrorum
847 1226 924 1284 adiri
946 1233 1017 1286 tunc
1038 1227 1222 1302 prohibebat,
1246 1232 1309 1284 tum

221 1327 297 1399 quod
319 1327 357 1386 ad
378 1328 523 1403 proelium
545 1329 659 1401 egressi
680 1328 818 1387 Curionis
840 1329 950 1387 milites
965 1330 1002 1387 iis
1018 1331 1107 1388 rebus
1121 1329 1306 1402 indigebant,

179 1437 194 1486 6
219 1446 294 1502 quae
327 1430 365 1488 ad
397 1431 646 1506 oppugnationem
673 1436 838 1489 castrorum
860 1436 947 1490 erant
969 1433 1043 1491 usui.
1088 1431 1194 1503 Itaque
1218 1429 1306 1488 Curio

220 1530 381 1589 exercitum
403 1532 435 1589 in
457 1536 557 1590 eastra
579 1533 707 1607 reducit,
731 1533 793 1591 suis
816 1533 949 1591 omnibus
971 1538 1093 1609 praeter
1114 1532 1239 1591 Fabium
1261 1532 1305 1589 in-

221 1633 393 1709 columibus,
417 1650 453 1691 ex
475 1650 595 1692 numero
611 1634 849 1694 adversariorum
864 1635 984 1693 circiter
997 1653 1036 1694 no
1051 1635 1219 1694 interiectis
1234 1650 1268 1692 11
1282 1650 1307 1690 m

221 1736 402 1810 vulneratis;
425 1737 476 1810 qui
497 1753 596 1794 onmes
618 1736 748 1796 discessu
771 1735 907 1796 Curionis
921 1737 1066 1810 multique
1080 1742 1237 1813 praeterea
1252 1752 1308 1812 per

223 1839 439 1898 simulationem
461 1840 617 1899 vulnerum
639 1856 675 1898 11
698 1840 803 1909 castris
825 1840 857 1899 in
879 1841 1018 1917 oppidum
1033 1845 1158 1916 proptor
1172 1840 1308 1898 timorem

186 1949 199 1996 t
223 1957 287 2000 sese
308 1942 466 2017 recipiunt.
496 1941 561 2013 Qua
583 1959 616 2000 re
639 1943 847 2002 animadversa
861 1942 960 2001 Varus
984 1948 1014 2000 et
1030 1947 1146 2001 terrore
1160 1942 1308 2001 exercitus

224 2044 348 2119 cognito,
370 2044 545 2102 bucinatore
566 2045 598 2102 in
620 2045 727 2102 castris
749 2050 780 2102 11
794 2045 896 2121 paucis
912 2045 949 2102 ad
964 2044 1090 2118 speciem
1105 2043 1308 2102 tabernaculis

224 2145 345 2219 relictis,
368 2145 404 2202 de
427 2145 519 2204 111111
541 2145 648 2219 vigilia
669 2146 788 2204 silentio
808 2147 970 2204 exercitum
984 2147 1016 2204 in
1031 2146 1171 2222 oppidum
1185 2145 1308 2203 reducit

313 2239 368 2308 36.
398 2246 524 2306 Postero
551 2248 598 2306 die
621 2246 709 2307 Curio
732 2248 865 2308 obsidere
887 2249 1005 2308 Uticam
1026 2249 1163 2320 valloque
1185 2247 1307 2304 circum-

223 2349 338 2408 munire
357 2349 499 2410 instituit.
528 2350 649 2410 Eratis
665 2350 770 2426 oppido
786 2350 945 2408 multitudo
960 2350 1089 2408 insolens
1104 2348 1177 2408 belli
1192 2348 1307 2407 diutur-

223 2453 317 2510 nitate
339 2453 408 2524 otii,
441 2453 596 2512 Uticenses
616 2469 670 2526 pro
693 2452 866 2526 quibusdam
889 2449 1025 2510 Caesaris
1052 2451 1083 2510 iu
1106 2468 1137 2509 11
1158 2450 1307 2509 beneficiis

223 2554 271 2612 illi
293 2555 471 2631 amicissimi,
494 2561 655 2616 conventus
677 2557 711 2632 is,
734 2555 785 2629 qui
807 2571 844 2613 ex
858 2555 952 2615 variis
975 2556 1134 2628 generibus
1149 2557 1306 2627 constaret,

185 2663 320 2716 1111111
352 2675 389 2716 11
422 2658 622 2731 superioribus
654 2658 776 2731 proeliis
798 2674 931 2731 magnus.
964 2658 1081 2731 ltaque
1104 2657 1140 2715 de
1162 2656 1308 2714 deditione

223 2775 322 2817 omnes
344 2761 404 2818 iam
425 2760 524 2832 palam
546 2760 741 2830 loquebantur
763 2763 794 2816 11
816 2775 880 2816 cum
896 2758 927 2816 P.
942 2757 1027 2816 Attio
1042 2761 1178 2831 agebam,
1202 2773 1238 2814 ne
1254 2772 1308 2814 sua

184 2867 199 2915 3
221 2862 389 2936 pertinacia
411 2860 538 2917 omnium
559 2860 696 2917 fortunas
717 2859 890 2931 perturbari
912 2858 1012 2917 vellet.
1047 2857 1129 2916 Haec
1151 2874 1216 2916 cum
1239 2875 1307 2932 age·

224 2967 336 3035 rentur,
359 2960 458 3019 nuntii
472 2959 628 3034 praemissi
643 2961 679 3018 ab
696 2977 767 3033 rege
781 2959 856 3019 Iuba
871 2965 1025 3035 venerunt,
1042 2961 1092 3034 qui
1106 2961 1191 3019 illum
1206 2961 1308 3020 adesse

222 3082 286 3124 cum
308 3063 425 3136 magnis
447 3062 538 3137 copiis
561 3063 694 3122 dicerent
715 3068 746 3121 et
767 3063 803 3121 de
824 3063 956 3122 custodia
978 3079 1013 3122 ae
1034 3064 1203 3122 defensione
1225 3066 1307 3124 urbis

221 3167 423 3224 hortarentur.
468 3165 550 3236 Quae
582 3181 630 3224 res
659 3182 759 3224 eorum
782 3165 957 3240 perterritos
979 3165 1091 3224 animos
1113 3165 1307 3226 confirmavit.

309 3261 367 3330 37.
401 3267 627 3326 Nuntiabantur
659 3267 733 3325 haec
765 3267 865 3325 eadem
889 3264 1018 3336 Curioni,
1052 3267 1104 3326 sed
1126 3267 1306 3340 aliquamdiu

221 3369 293 3428 fides
315 3370 381 3428 ficri
403 3386 462 3428 1111
476 3374 609 3445 poterat:
631 3373 747 3427 tantam
768 3369 899 3426 habebat
913 3384 1033 3426 suerum
1048 3384 1147 3427 rerum
1162 3369 1306 3428 fiduciam.

184 3477 198 3527 2
220 3471 341 3544 Iamque
364 3469 500 3530 Caesaris
522 3470 553 3529 in
575 3469 792 3546 Hispaniense
815 3471 959 3529 secundae
981 3471 1013 3528 in
1035 3470 1170 3530 Africam
1192 3471 1306 3530 nuntiis

222 3590 257 3632 ac
279 3573 392 3632 litteris
413 3573 649 3648 perforabantur.
679 3571 792 3643 Quibus
814 3572 948 3632 omnibus
970 3575 1059 3632 rebus
1081 3573 1217 3632 sublatus
1230 3573 1306 3632 nihil

183 3681 198 3729 3
221 3682 325 3734 contra
346 3691 378 3734 se
400 3691 501 3749 regem
524 3691 664 3734 ausurum
686 3675 885 3735 existimabat.
916 3674 973 3735 Sed
996 3676 1047 3735 ubi
1070 3676 1160 3734 certis
1176 3677 1305 3735 auctori-

220 3779 275 3836 bus
301 3778 446 3850 comperit
474 3777 570 3836 minus
592 3795 612 3837 v
634 3783 665 3836 11
685 3796 730 3836 xx
751 3778 870 3837 milibus
892 3778 980 3851 longe
1003 3779 1040 3836 ab
1063 3777 1153 3837 Utica
1175 3777 1238 3836 eius
1260 3795 1306 3836 co·
1422 3781 1424 3784 '

219 3879 285 3952 pias
300 3879 410 3953 abesse,
433 3879 547 3937 relictis
562 3880 775 3938 munitionibus
790 3897 854 3939 sese
868 3881 900 3939 iu
914 3885 1014 3938 castra
1029 3878 1169 3939 Cornelia
1183 3880 1305 3956 recepit·
