<?xml version="1.0" encoding="UTF-8"?>
<!DOCTYPE html PUBLIC "-//W3C//DTD XHTML 1.0 Transitional//EN"
    "http://www.w3.org/TR/xhtml1/DTD/xhtml1-transitional.dtd">
<html xmlns="http://www.w3.org/1999/xhtml" xml:lang="en" lang="en">
 <head>
  <title>
</title>
<meta http-equiv="Content-Type" content="text/html;charset=utf-8" />
  <meta name='ocr-system' content='tesseract 3.04.00' />
  <meta name='ocr-capabilities' content='ocr_page ocr_carea ocr_par ocr_line ocrx_word'/>
</head>
<body>
  <div class='ocr_page' id='page_1' title='image "./ciuliicaesarisd00meusgoog_0012.png"; bbox 0 0 2960 4500; ppageno 0'>
   <div class='ocr_carea' id='block_1_1' title="bbox 217 246 918 306">
    <p class='ocr_par' dir='ltr' id='par_1_1' title="bbox 217 246 918 306">
     <span class='ocr_line' id='line_1_1' title="bbox 217 246 918 306; baseline -0.006 0"><span class='ocrx_word' id='word_1_1' title='bbox 217 250 235 306; x_wconf 90' lang='lat'>6</span> <span class='ocrx_word' id='word_1_2' title='bbox 594 247 646 302; x_wconf 86' lang='lat' dir='ltr'>DE</span> <span class='ocrx_word' id='word_1_3' title='bbox 663 246 783 302; x_wconf 79' lang='lat' dir='ltr'>Bnnho</span> <span class='ocrx_word' id='word_1_4' title='bbox 803 247 918 302; x_wconf 78' lang='lat' dir='ltr'>CIVILI</span> 
     </span>
    </p>
   </div>
   <div class='ocr_carea' id='block_1_2' title="bbox 178 421 1338 2237">
    <p class='ocr_par' dir='ltr' id='par_1_2' title="bbox 214 421 1297 705">
     <span class='ocr_line' id='line_1_2' title="bbox 214 421 1297 500; baseline 0 -18"><span class='ocrx_word' id='word_1_5' title='bbox 214 423 326 484; x_wconf 78' lang='lat' dir='ltr'><strong>facilius</strong></span> <span class='ocrx_word' id='word_1_6' title='bbox 349 423 489 498; x_wconf 65' lang='lat' dir='ltr'>ecumque</span> <span class='ocrx_word' id='word_1_7' title='bbox 512 422 725 482; x_wconf 72' lang='lat' dir='ltr'>condicionibus</span> <span class='ocrx_word' id='word_1_8' title='bbox 750 421 824 483; x_wconf 87' lang='lat' dir='ltr'>fiant</span> <span class='ocrx_word' id='word_1_9' title='bbox 846 428 874 483; x_wconf 91' lang='lat' dir='ltr'>et</span> <span class='ocrx_word' id='word_1_10' title='bbox 895 425 958 483; x_wconf 91' lang='lat' dir='ltr'>iure</span> <span class='ocrx_word' id='word_1_11' title='bbox 979 423 1100 484; x_wconf 89' lang='lat' dir='ltr'>iurando</span> <span class='ocrx_word' id='word_1_12' title='bbox 1123 425 1297 500; x_wconf 80' lang='lat' dir='ltr'>sanciantur,</span> 
     </span>
     <span class='ocr_line' id='line_1_3' title="bbox 215 525 1297 604; baseline -0.002 -18"><span class='ocrx_word' id='word_1_13' title='bbox 215 532 266 587; x_wconf 92' lang='lat' dir='ltr'>aut</span> <span class='ocrx_word' id='word_1_14' title='bbox 287 526 349 602; x_wconf 89' lang='lat' dir='ltr'>ipse</span> <span class='ocrx_word' id='word_1_15' title='bbox 369 527 491 602; x_wconf 90' lang='lat' dir='ltr'>propius</span> <span class='ocrx_word' id='word_1_16' title='bbox 513 525 630 586; x_wconf 83' lang='lat' dir='ltr'>accedat</span> <span class='ocrx_word' id='word_1_17' title='bbox 652 530 702 585; x_wconf 90' lang='lat' dir='ltr'>aut</span> <span class='ocrx_word' id='word_1_18' title='bbox 723 543 755 585; x_wconf 92' lang='lat' dir='ltr'>se</span> <span class='ocrx_word' id='word_1_19' title='bbox 776 525 902 602; x_wconf 86' lang='lat' dir='ltr'>patiatur</span> <span class='ocrx_word' id='word_1_20' title='bbox 917 527 1066 604; x_wconf 80' lang='lat' dir='ltr'>accedere3</span> <span class='ocrx_word' id='word_1_21' title='bbox 1087 526 1159 603; x_wconf 88' lang='lat' dir='ltr'>iore,</span> <span class='ocrx_word' id='word_1_22' title='bbox 1181 527 1225 587; x_wconf 91' lang='lat' dir='ltr'>uti</span> <span class='ocrx_word' id='word_1_23' title='bbox 1245 544 1297 603; x_wconf 91' lang='lat' dir='ltr'>per</span> 
     </span>
     <span class='ocr_line' id='line_1_4' title="bbox 216 627 964 705; baseline -0.001 -16"><span class='ocrx_word' id='word_1_24' title='bbox 216 629 371 704; x_wconf 90' lang='lat' dir='ltr'>conloquia</span> <span class='ocrx_word' id='word_1_25' title='bbox 392 645 492 688; x_wconf 87' lang='lat' dir='ltr'>omnes</span> <span class='ocrx_word' id='word_1_26' title='bbox 515 627 725 688; x_wconf 85' lang='lat' dir='ltr'>controversiae</span> <span class='ocrx_word' id='word_1_27' title='bbox 746 633 964 705; x_wconf 85' lang='lat' dir='ltr'>componantur.</span> 
     </span>
    </p>

    <p class='ocr_par' dir='ltr' id='par_1_3' title="bbox 215 709 1338 918">
     <span class='ocr_line' id='line_1_5' title="bbox 300 709 1297 807; baseline -0.004 -14"><span class='ocrx_word' id='word_1_28' title='bbox 300 725 355 794; x_wconf 84' lang='lat' dir='ltr'>lo.</span> <span class='ocrx_word' id='word_1_29' title='bbox 379 729 511 806; x_wconf 80' lang='lat' dir='ltr'>Acceptis</span> <span class='ocrx_word' id='word_1_30' title='bbox 537 730 680 789; x_wconf 87' lang='lat' dir='ltr'>mandatis</span> <span class='ocrx_word' id='word_1_31' title='bbox 703 730 822 790; x_wconf 87' lang='lat' dir='ltr'>Roscius</span> <span class='ocrx_word' id='word_1_32' title='bbox 851 749 916 790; x_wconf 90' lang='lat' dir='ltr'>cum</span> <span class='ocrx_word' id='word_1_33' title='bbox 939 729 1061 790; x_wconf 74' lang='lat' dir='ltr'>Caesare</span> <span class='ocrx_word' id='word_1_34' title='bbox 1084 709 1214 807; x_wconf 77' lang='lat' dir='ltr'>Capuam</span> <span class='ocrx_word' id='word_1_35' title='bbox 1235 748 1297 807; x_wconf 91' lang='lat' dir='ltr'>per-</span> 
     </span>
     <span class='ocr_line' id='line_1_6' title="bbox 215 831 1338 918; baseline -0.001 -25"><span class='ocrx_word' id='word_1_36' title='bbox 215 833 295 893; x_wconf 89' lang='lat' dir='ltr'>venit</span> <span class='ocrx_word' id='word_1_37' title='bbox 316 833 415 908; x_wconf 82' lang='lat' dir='ltr'>ibique</span> <span class='ocrx_word' id='word_1_38' title='bbox 437 832 567 892; x_wconf 87' lang='lat' dir='ltr'>consules</span> <span class='ocrx_word' id='word_1_39' title='bbox 590 833 820 908; x_wconf 84' lang='lat' dir='ltr'>Pompeiumque</span> <span class='ocrx_word' id='word_1_40' title='bbox 847 832 971 892; x_wconf 89' lang='lat' dir='ltr'>invenit:</span> <span class='ocrx_word' id='word_1_41' title='bbox 1001 833 1146 909; x_wconf 87' lang='lat' dir='ltr'>postulata</span> <span class='ocrx_word' id='word_1_42' title='bbox 1169 831 1297 892; x_wconf 79' lang='lat' dir='ltr'>Caesaris</span> <span class='ocrx_word' id='word_1_43' title='bbox 1336 912 1338 918; x_wconf 17' lang='grc' dir='ltr'><strong><em>Α</em></strong></span> 
     </span>
    </p>

    <p class='ocr_par' dir='ltr' id='par_1_4' title="bbox 178 934 1297 1011">
     <span class='ocr_line' id='line_1_7' title="bbox 178 934 1297 1011; baseline 0.002 -19"><span class='ocrx_word' id='word_1_44' title='bbox 178 943 191 992; x_wconf 87' lang='lat'>2</span> <span class='ocrx_word' id='word_1_45' title='bbox 214 935 369 996; x_wconf 88' lang='lat' dir='ltr'>renuntiat.</span> <span class='ocrx_word' id='word_1_46' title='bbox 404 935 449 994; x_wconf 93' lang='lat' dir='ltr'>llli</span> <span class='ocrx_word' id='word_1_47' title='bbox 470 953 501 995; x_wconf 99' lang='lat' dir='ltr'>re</span> <span class='ocrx_word' id='word_1_48' title='bbox 523 934 679 994; x_wconf 88' lang='lat' dir='ltr'>deliberata</span> <span class='ocrx_word' id='word_1_49' title='bbox 700 935 874 1011; x_wconf 91' lang='lat' dir='ltr'>respondent</span> <span class='ocrx_word' id='word_1_50' title='bbox 895 935 1058 1011; x_wconf 87' lang='lat' dir='ltr'>scriptaque</span> <span class='ocrx_word' id='word_1_51' title='bbox 1079 936 1197 995; x_wconf 91' lang='lat' dir='ltr'>adeum</span> <span class='ocrx_word' id='word_1_52' title='bbox 1218 953 1297 996; x_wconf 92' lang='lat' dir='ltr'>man-</span> 
     </span>
    </p>

    <p class='ocr_par' dir='ltr' id='par_1_5' title="bbox 178 1037 1298 1218">
     <span class='ocr_line' id='line_1_8' title="bbox 178 1037 1298 1114; baseline 0.002 -20"><span class='ocrx_word' id='word_1_53' title='bbox 178 1045 193 1094; x_wconf 82' lang='lat' dir='ltr'>a</span> <span class='ocrx_word' id='word_1_54' title='bbox 217 1039 286 1098; x_wconf 85' lang='lat' dir='ltr'>data</span> <span class='ocrx_word' id='word_1_55' title='bbox 307 1056 359 1112; x_wconf 89' lang='lat' dir='ltr'>per</span> <span class='ocrx_word' id='word_1_56' title='bbox 382 1039 497 1098; x_wconf 93' lang='lat' dir='ltr'>eosdem</span> <span class='ocrx_word' id='word_1_57' title='bbox 519 1038 685 1114; x_wconf 80' lang='lat' dir='ltr'>remittunt3</span> <span class='ocrx_word' id='word_1_58' title='bbox 715 1055 839 1112; x_wconf 91' lang='lat' dir='ltr'>quorum</span> <span class='ocrx_word' id='word_1_59' title='bbox 859 1037 930 1097; x_wconf 90' lang='lat' dir='ltr'>haec</span> <span class='ocrx_word' id='word_1_60' title='bbox 952 1042 1014 1097; x_wconf 88' lang='lat' dir='ltr'>erat</span> <span class='ocrx_word' id='word_1_61' title='bbox 1035 1056 1163 1097; x_wconf 88' lang='lat' dir='ltr'>summa:</span> <span class='ocrx_word' id='word_1_62' title='bbox 1193 1038 1298 1098; x_wconf 79' lang='lat' dir='ltr'>Caesar</span> 
     </span>
     <span class='ocr_line' id='line_1_9' title="bbox 216 1139 1296 1218; baseline 0.001 -19"><span class='ocrx_word' id='word_1_63' title='bbox 216 1143 247 1200; x_wconf 93' lang='lat' dir='ltr'>in</span> <span class='ocrx_word' id='word_1_64' title='bbox 271 1140 395 1201; x_wconf 81' lang='lat' dir='ltr'>Galliam</span> <span class='ocrx_word' id='word_1_65' title='bbox 418 1145 614 1217; x_wconf 86' lang='lat' dir='ltr'>reverteretur,</span> <span class='ocrx_word' id='word_1_66' title='bbox 637 1139 765 1199; x_wconf 90' lang='lat' dir='ltr'>Arimino</span> <span class='ocrx_word' id='word_1_67' title='bbox 788 1139 945 1213; x_wconf 79' lang='lat' dir='ltr'>excederet,</span> <span class='ocrx_word' id='word_1_68' title='bbox 968 1140 1108 1200; x_wconf 87' lang='lat' dir='ltr'>exercitus</span> <span class='ocrx_word' id='word_1_69' title='bbox 1129 1140 1296 1218; x_wconf 67' lang='lat' dir='ltr'>dimitteret,</span> 
     </span>
    </p>

    <p class='ocr_par' dir='ltr' id='par_1_6' title="bbox 180 1241 1299 1530">
     <span class='ocr_line' id='line_1_10' title="bbox 180 1241 1299 1319; baseline 0.004 -21"><span class='ocrx_word' id='word_1_70' title='bbox 180 1251 194 1298; x_wconf 82' lang='grc'>4</span> <span class='ocrx_word' id='word_1_71' title='bbox 218 1261 294 1318; x_wconf 88' lang='lat' dir='ltr'>quae</span> <span class='ocrx_word' id='word_1_72' title='bbox 314 1241 476 1319; x_wconf 87' lang='lat' dir='ltr'>sifecisset,</span> <span class='ocrx_word' id='word_1_73' title='bbox 498 1243 670 1318; x_wconf 91' lang='lat' dir='ltr'>Pompeium</span> <span class='ocrx_word' id='word_1_74' title='bbox 692 1244 724 1300; x_wconf 92' lang='lat' dir='ltr'>in</span> <span class='ocrx_word' id='word_1_75' title='bbox 739 1242 895 1315; x_wconf 87' lang='lat' dir='ltr'>Hispanias</span> <span class='ocrx_word' id='word_1_76' title='bbox 910 1243 1028 1302; x_wconf 89' lang='lat' dir='ltr'>iturum.</span> <span class='ocrx_word' id='word_1_77' title='bbox 1057 1243 1178 1318; x_wconf 89' lang='lat' dir='ltr'>Interea,</span> <span class='ocrx_word' id='word_1_78' title='bbox 1201 1243 1299 1318; x_wconf 87' lang='lat' dir='ltr'>quoad</span> 
     </span>
     <span class='ocr_line' id='line_1_11' title="bbox 216 1343 1297 1424; baseline 0 -21"><span class='ocrx_word' id='word_1_79' title='bbox 216 1343 290 1404; x_wconf 87' lang='lat' dir='ltr'>fides</span> <span class='ocrx_word' id='word_1_80' title='bbox 306 1349 380 1404; x_wconf 91' lang='lat' dir='ltr'>esset</span> <span class='ocrx_word' id='word_1_81' title='bbox 402 1345 470 1405; x_wconf 88' lang='lat' dir='ltr'>data</span> <span class='ocrx_word' id='word_1_82' title='bbox 485 1344 637 1404; x_wconf 80' lang='lat' dir='ltr'>Gaesarem</span> <span class='ocrx_word' id='word_1_83' title='bbox 658 1343 812 1421; x_wconf 84' lang='lat' dir='ltr'>iacturum,</span> <span class='ocrx_word' id='word_1_84' title='bbox 834 1363 909 1420; x_wconf 89' lang='lat' dir='ltr'>quae</span> <span class='ocrx_word' id='word_1_85' title='bbox 930 1345 1119 1424; x_wconf 88' lang='lat' dir='ltr'>polliceretur,</span> <span class='ocrx_word' id='word_1_86' title='bbox 1140 1363 1199 1404; x_wconf 94' lang='lat' dir='ltr'>non</span> <span class='ocrx_word' id='word_1_87' title='bbox 1214 1345 1297 1404; x_wconf 90' lang='lat' dir='ltr'>inter-</span> 
     </span>
     <span class='ocr_line' id='line_1_12' title="bbox 220 1446 912 1530; baseline 0.003 -26"><span class='ocrx_word' id='word_1_88' title='bbox 220 1447 357 1507; x_wconf 90' lang='lat' dir='ltr'>missuros</span> <span class='ocrx_word' id='word_1_89' title='bbox 379 1448 509 1507; x_wconf 88' lang='lat' dir='ltr'>consules</span> <span class='ocrx_word' id='word_1_90' title='bbox 532 1448 762 1530; x_wconf 85' lang='lat' dir='ltr'>Pompeiumque</span> <span class='ocrx_word' id='word_1_91' title='bbox 784 1446 912 1508; x_wconf 91' lang='lat' dir='ltr'>dilectus.</span> 
     </span>
    </p>

    <p class='ocr_par' dir='ltr' id='par_1_7' title="bbox 213 1543 1297 1829">
     <span class='ocr_line' id='line_1_13' title="bbox 301 1543 1297 1626; baseline -0.002 -16"><span class='ocrx_word' id='word_1_92' title='bbox 301 1543 356 1610; x_wconf 93' lang='grc'>11.</span> <span class='ocrx_word' id='word_1_93' title='bbox 380 1549 450 1609; x_wconf 83' lang='lat' dir='ltr'>Erat</span> <span class='ocrx_word' id='word_1_94' title='bbox 470 1549 570 1624; x_wconf 86' lang='lat' dir='ltr'>iniqua</span> <span class='ocrx_word' id='word_1_95' title='bbox 592 1549 720 1609; x_wconf 91' lang='lat' dir='ltr'>condicio</span> <span class='ocrx_word' id='word_1_96' title='bbox 743 1550 896 1626; x_wconf 87' lang='lat' dir='ltr'>postulare,</span> <span class='ocrx_word' id='word_1_97' title='bbox 918 1553 952 1608; x_wconf 91' lang='lat' dir='ltr'>ut</span> <span class='ocrx_word' id='word_1_98' title='bbox 974 1548 1079 1608; x_wconf 78' lang='lat' dir='ltr'>Caesar</span> <span class='ocrx_word' id='word_1_99' title='bbox 1100 1549 1228 1608; x_wconf 86' lang='lat' dir='ltr'>Arimino</span> <span class='ocrx_word' id='word_1_100' title='bbox 1251 1567 1297 1608; x_wconf 84' lang='lat' dir='ltr'>ex-</span> 
     </span>
     <span class='ocr_line' id='line_1_14' title="bbox 213 1651 1297 1727; baseline -0.001 -15"><span class='ocrx_word' id='word_1_101' title='bbox 213 1651 326 1712; x_wconf 85' lang='lat' dir='ltr'>cederet</span> <span class='ocrx_word' id='word_1_102' title='bbox 355 1655 442 1726; x_wconf 90' lang='lat' dir='ltr'>atque</span> <span class='ocrx_word' id='word_1_103' title='bbox 470 1651 499 1710; x_wconf 95' lang='lat' dir='ltr'>in</span> <span class='ocrx_word' id='word_1_104' title='bbox 529 1651 709 1727; x_wconf 90' lang='lat' dir='ltr'>provinciam</span> <span class='ocrx_word' id='word_1_105' title='bbox 735 1655 939 1726; x_wconf 87' lang='lat' dir='ltr'>reverteretur,</span> <span class='ocrx_word' id='word_1_106' title='bbox 968 1651 1064 1725; x_wconf 89' lang='lat' dir='ltr'>ipsum</span> <span class='ocrx_word' id='word_1_107' title='bbox 1086 1657 1115 1711; x_wconf 92' lang='lat' dir='ltr'>et</span> <span class='ocrx_word' id='word_1_108' title='bbox 1135 1651 1297 1727; x_wconf 88' lang='lat' dir='ltr'>provincias</span> 
     </span>
     <span class='ocr_line' id='line_1_15' title="bbox 220 1750 1297 1829; baseline -0.002 -16"><span class='ocrx_word' id='word_1_109' title='bbox 220 1758 249 1813; x_wconf 90' lang='lat' dir='ltr'>et</span> <span class='ocrx_word' id='word_1_110' title='bbox 280 1753 408 1829; x_wconf 82' lang='lat' dir='ltr'>legiones</span> <span class='ocrx_word' id='word_1_111' title='bbox 440 1752 547 1812; x_wconf 85' lang='lat' dir='ltr'>alienas</span> <span class='ocrx_word' id='word_1_112' title='bbox 579 1757 691 1829; x_wconf 76' lang='lat' dir='ltr'>tenere3</span> <span class='ocrx_word' id='word_1_113' title='bbox 729 1751 884 1812; x_wconf 85' lang='lat' dir='ltr'>exercitum</span> <span class='ocrx_word' id='word_1_114' title='bbox 919 1750 1048 1812; x_wconf 79' lang='lat' dir='ltr'>Caesaris</span> <span class='ocrx_word' id='word_1_115' title='bbox 1080 1753 1154 1812; x_wconf 93' lang='lat' dir='ltr'>velle</span> <span class='ocrx_word' id='word_1_116' title='bbox 1186 1753 1297 1828; x_wconf 91' lang='lat' dir='ltr'>dimitti,</span> 
     </span>
    </p>

    <p class='ocr_par' dir='ltr' id='par_1_8' title="bbox 179 1853 1298 2135">
     <span class='ocr_line' id='line_1_16' title="bbox 179 1853 1298 1932; baseline 0.002 -20"><span class='ocrx_word' id='word_1_117' title='bbox 179 1863 193 1912; x_wconf 81' lang='lat'><strong>2</strong></span> <span class='ocrx_word' id='word_1_118' title='bbox 217 1855 338 1915; x_wconf 90' lang='lat' dir='ltr'>dilectus</span> <span class='ocrx_word' id='word_1_119' title='bbox 359 1854 482 1932; x_wconf 70' lang='lat' dir='ltr'>habere,</span> <span class='ocrx_word' id='word_1_120' title='bbox 516 1854 642 1927; x_wconf 86' lang='lat' dir='ltr'>polliceri</span> <span class='ocrx_word' id='word_1_121' title='bbox 669 1855 750 1913; x_wconf 88' lang='lat' dir='ltr'>sein</span> <span class='ocrx_word' id='word_1_122' title='bbox 779 1853 955 1930; x_wconf 89' lang='lat' dir='ltr'>provinciam</span> <span class='ocrx_word' id='word_1_123' title='bbox 977 1856 1086 1914; x_wconf 91' lang='lat' dir='ltr'>iturum</span> <span class='ocrx_word' id='word_1_124' title='bbox 1107 1873 1202 1930; x_wconf 92' lang='lat' dir='ltr'>neque</span> <span class='ocrx_word' id='word_1_125' title='bbox 1231 1860 1298 1914; x_wconf 90' lang='lat' dir='ltr'>ante</span> 
     </span>
     <span class='ocr_line' id='line_1_17' title="bbox 216 1954 1298 2034; baseline -0.001 -18"><span class='ocrx_word' id='word_1_126' title='bbox 216 1975 302 2032; x_wconf 90' lang='lat' dir='ltr'>quem</span> <span class='ocrx_word' id='word_1_127' title='bbox 318 1957 392 2016; x_wconf 93' lang='lat' dir='ltr'>diem</span> <span class='ocrx_word' id='word_1_128' title='bbox 407 1957 500 2017; x_wconf 80' lang='lat' dir='ltr'>iturum</span> <span class='ocrx_word' id='word_1_129' title='bbox 526 1961 600 2016; x_wconf 89' lang='lat' dir='ltr'>esset</span> <span class='ocrx_word' id='word_1_130' title='bbox 621 1954 748 2032; x_wconf 87' lang='lat' dir='ltr'>definire,</span> <span class='ocrx_word' id='word_1_131' title='bbox 770 1962 811 2034; x_wconf 90' lang='lat' dir='ltr'>ut,</span> <span class='ocrx_word' id='word_1_132' title='bbox 833 1957 857 2016; x_wconf 91' lang='lat' dir='ltr'>si</span> <span class='ocrx_word' id='word_1_133' title='bbox 871 1961 987 2032; x_wconf 88' lang='lat' dir='ltr'>peracto</span> <span class='ocrx_word' id='word_1_134' title='bbox 1003 1957 1153 2017; x_wconf 87' lang='lat' dir='ltr'>consulatu</span> <span class='ocrx_word' id='word_1_135' title='bbox 1169 1956 1298 2016; x_wconf 79' lang='lat' dir='ltr'>Caesaris</span> 
     </span>
     <span class='ocr_line' id='line_1_18' title="bbox 220 2058 1297 2135; baseline -0.001 -17"><span class='ocrx_word' id='word_1_136' title='bbox 220 2078 279 2120; x_wconf 91' lang='lat' dir='ltr'>non</span> <span class='ocrx_word' id='word_1_137' title='bbox 306 2059 452 2135; x_wconf 88' lang='lat' dir='ltr'>profectus</span> <span class='ocrx_word' id='word_1_138' title='bbox 483 2065 572 2134; x_wconf 88' lang='lat' dir='ltr'>esset,</span> <span class='ocrx_word' id='word_1_139' title='bbox 600 2059 679 2118; x_wconf 93' lang='lat' dir='ltr'>nulla</span> <span class='ocrx_word' id='word_1_140' title='bbox 700 2063 798 2119; x_wconf 87' lang='lat' dir='ltr'>tamen</span> <span class='ocrx_word' id='word_1_141' title='bbox 819 2058 960 2118; x_wconf 84' lang='lat' dir='ltr'>mendacii</span> <span class='ocrx_word' id='word_1_142' title='bbox 987 2059 1124 2135; x_wconf 82' lang='lat' dir='ltr'>religione</span> <span class='ocrx_word' id='word_1_143' title='bbox 1146 2059 1297 2119; x_wconf 88' lang='lat' dir='ltr'>obstrictus</span> 
     </span>
    </p>

    <p class='ocr_par' dir='ltr' id='par_1_9' title="bbox 180 2157 1296 2237">
     <span class='ocr_line' id='line_1_19' title="bbox 180 2157 1296 2237; baseline -0.001 -17"><span class='ocrx_word' id='word_1_144' title='bbox 180 2170 195 2220; x_wconf 85' lang='lat'><strong>3</strong></span> <span class='ocrx_word' id='word_1_145' title='bbox 218 2161 374 2221; x_wconf 87' lang='lat' dir='ltr'>videretur.</span> <span class='ocrx_word' id='word_1_146' title='bbox 403 2163 532 2235; x_wconf 86' lang='lat' dir='ltr'>Tempus</span> <span class='ocrx_word' id='word_1_147' title='bbox 546 2157 615 2222; x_wconf 77' lang='lat' dir='ltr'>verb</span> <span class='ocrx_word' id='word_1_148' title='bbox 639 2161 790 2237; x_wconf 91' lang='lat' dir='ltr'>conloquio</span> <span class='ocrx_word' id='word_1_149' title='bbox 805 2180 864 2221; x_wconf 92' lang='lat' dir='ltr'>non</span> <span class='ocrx_word' id='word_1_150' title='bbox 880 2162 948 2222; x_wconf 88' lang='lat' dir='ltr'>dare</span> <span class='ocrx_word' id='word_1_151' title='bbox 962 2179 1057 2237; x_wconf 89' lang='lat' dir='ltr'>neque</span> <span class='ocrx_word' id='word_1_152' title='bbox 1071 2180 1102 2222; x_wconf 89' lang='lat' dir='ltr'>se</span> <span class='ocrx_word' id='word_1_153' title='bbox 1117 2179 1296 2222; x_wconf 86' lang='lat' dir='ltr'>accessurum</span> 
     </span>
    </p>
   </div>
   <div class='ocr_carea' id='block_1_3' title="bbox 101 2253 1296 2749">
    <p class='ocr_par' dir='ltr' id='par_1_10' title="bbox 101 2253 1296 2439">
     <span class='ocr_line' id='line_1_20' title="bbox 101 2253 1296 2340; baseline 0 -19"><span class='ocrx_word' id='word_1_154' title='bbox 101 2253 109 2273; x_wconf 90' lang='lat'>&#39;</span> <span class='ocrx_word' id='word_1_155' title='bbox 178 2263 345 2340; x_wconf 71' lang='lat' dir='ltr'>Apollieeri</span> <span class='ocrx_word' id='word_1_156' title='bbox 381 2281 517 2339; x_wconf 88' lang='lat' dir='ltr'>magnam</span> <span class='ocrx_word' id='word_1_157' title='bbox 550 2263 629 2339; x_wconf 91' lang='lat' dir='ltr'>pacis</span> <span class='ocrx_word' id='word_1_158' title='bbox 662 2263 890 2337; x_wconf 88' lang='lat' dir='ltr'>desperationem</span> <span class='ocrx_word' id='word_1_159' title='bbox 924 2261 1080 2323; x_wconf 87' lang='lat' dir='ltr'>adferebat.</span> <span class='ocrx_word' id='word_1_160' title='bbox 1125 2265 1227 2338; x_wconf 90' lang='lat' dir='ltr'>Itaque</span> <span class='ocrx_word' id='word_1_161' title='bbox 1259 2263 1296 2321; x_wconf 91' lang='lat' dir='ltr'>ab</span> 
     </span>
     <span class='ocr_line' id='line_1_21' title="bbox 215 2363 1293 2439; baseline -0.001 -16"><span class='ocrx_word' id='word_1_162' title='bbox 215 2365 346 2425; x_wconf 88' lang='lat' dir='ltr'>Arimino</span> <span class='ocrx_word' id='word_1_163' title='bbox 368 2366 406 2425; x_wconf 88' lang='lat' dir='ltr'>ld.</span> <span class='ocrx_word' id='word_1_164' title='bbox 421 2366 582 2425; x_wconf 89' lang='lat' dir='ltr'>Antonium</span> <span class='ocrx_word' id='word_1_165' title='bbox 604 2382 669 2424; x_wconf 90' lang='lat' dir='ltr'>oum</span> <span class='ocrx_word' id='word_1_166' title='bbox 692 2363 859 2424; x_wconf 90' lang='lat' dir='ltr'>cohortibus</span> <span class='ocrx_word' id='word_1_167' title='bbox 880 2366 1010 2439; x_wconf 89' lang='lat' dir='ltr'>quinque</span> <span class='ocrx_word' id='word_1_168' title='bbox 1025 2364 1169 2423; x_wconf 87' lang='lat' dir='ltr'>Arretium</span> <span class='ocrx_word' id='word_1_169' title='bbox 1192 2363 1293 2423; x_wconf 88' lang='lat' dir='ltr'>mittit:</span> 
     </span>
    </p>

    <p class='ocr_par' dir='ltr' id='par_1_11' title="bbox 171 2459 1296 2749">
     <span class='ocr_line' id='line_1_22' title="bbox 171 2459 1296 2546; baseline -0.001 -22"><span class='ocrx_word' id='word_1_170' title='bbox 171 2471 177 2484; x_wconf 74' lang='lat'><strong>⁶</strong></span> <span class='ocrx_word' id='word_1_171' title='bbox 216 2466 280 2541; x_wconf 93' lang='lat' dir='ltr'>ipse</span> <span class='ocrx_word' id='word_1_172' title='bbox 301 2467 422 2526; x_wconf 88' lang='lat' dir='ltr'>Arimini</span> <span class='ocrx_word' id='word_1_173' title='bbox 450 2485 515 2526; x_wconf 91' lang='lat' dir='ltr'>cum</span> <span class='ocrx_word' id='word_1_174' title='bbox 537 2467 652 2526; x_wconf 89' lang='lat' dir='ltr'>duabus</span> <span class='ocrx_word' id='word_1_175' title='bbox 676 2459 858 2546; x_wconf 81' lang='lat' dir='ltr'>[legionibus]</span> <span class='ocrx_word' id='word_1_176' title='bbox 882 2466 1014 2525; x_wconf 89' lang='lat' dir='ltr'>subsistit</span> <span class='ocrx_word' id='word_1_177' title='bbox 1039 2466 1139 2541; x_wconf 92' lang='lat' dir='ltr'>ibique</span> <span class='ocrx_word' id='word_1_178' title='bbox 1160 2465 1296 2525; x_wconf 89' lang='lat' dir='ltr'>dilectum</span> 
     </span>
     <span class='ocr_line' id='line_1_23' title="bbox 216 2569 1296 2648; baseline 0.001 -21"><span class='ocrx_word' id='word_1_179' title='bbox 216 2569 323 2630; x_wconf 90' lang='lat' dir='ltr'>habere</span> <span class='ocrx_word' id='word_1_180' title='bbox 337 2571 473 2648; x_wconf 81' lang='lat' dir='ltr'>instituit3</span> <span class='ocrx_word' id='word_1_181' title='bbox 498 2570 658 2647; x_wconf 86' lang='lat' dir='ltr'>Pisamum,</span> <span class='ocrx_word' id='word_1_182' title='bbox 680 2569 802 2647; x_wconf 85' lang='lat' dir='ltr'>Fanum,</span> <span class='ocrx_word' id='word_1_183' title='bbox 824 2571 974 2629; x_wconf 89' lang='lat' dir='ltr'>Anconam</span> <span class='ocrx_word' id='word_1_184' title='bbox 989 2569 1110 2644; x_wconf 89' lang='lat' dir='ltr'>singulis</span> <span class='ocrx_word' id='word_1_185' title='bbox 1132 2569 1296 2628; x_wconf 87' lang='lat' dir='ltr'>cohortibus</span> 
     </span>
     <span class='ocr_line' id='line_1_24' title="bbox 218 2678 348 2749; baseline 0 -17"><span class='ocrx_word' id='word_1_186' title='bbox 218 2678 348 2749; x_wconf 84' lang='lat' dir='ltr'>occupat.</span> 
     </span>
    </p>
   </div>
   <div class='ocr_carea' id='block_1_4' title="bbox 172 2769 1296 3974">
    <p class='ocr_par' dir='ltr' id='par_1_12' title="bbox 213 2769 1296 3055">
     <span class='ocr_line' id='line_1_25' title="bbox 300 2769 1294 2850; baseline -0.006 -14"><span class='ocrx_word' id='word_1_187' title='bbox 300 2769 354 2837; x_wconf 80' lang='grc'>12.</span> <span class='ocrx_word' id='word_1_188' title='bbox 377 2775 491 2834; x_wconf 88' lang='lat' dir='ltr'>Interea</span> <span class='ocrx_word' id='word_1_189' title='bbox 523 2778 626 2835; x_wconf 91' lang='lat' dir='ltr'>certior</span> <span class='ocrx_word' id='word_1_190' title='bbox 653 2775 747 2835; x_wconf 89' lang='lat' dir='ltr'>factus</span> <span class='ocrx_word' id='word_1_191' title='bbox 776 2775 913 2850; x_wconf 89' lang='lat' dir='ltr'>Iguvium</span> <span class='ocrx_word' id='word_1_192' title='bbox 945 2773 1103 2832; x_wconf 87' lang='lat' dir='ltr'>&#39;lbermum</span> <span class='ocrx_word' id='word_1_193' title='bbox 1133 2777 1294 2845; x_wconf 87' lang='lat' dir='ltr'>praetorem</span> 
     </span>
     <span class='ocr_line' id='line_1_26' title="bbox 215 2874 1296 2953; baseline -0.005 -17"><span class='ocrx_word' id='word_1_194' title='bbox 215 2875 381 2936; x_wconf 90' lang='lat' dir='ltr'>cohortibus</span> <span class='ocrx_word' id='word_1_195' title='bbox 403 2896 422 2934; x_wconf 95' lang='lat' dir='ltr'>v</span> <span class='ocrx_word' id='word_1_196' title='bbox 444 2881 550 2946; x_wconf 89' lang='lat' dir='ltr'>tenere,</span> <span class='ocrx_word' id='word_1_197' title='bbox 572 2876 712 2953; x_wconf 88' lang='lat' dir='ltr'>oppidum</span> <span class='ocrx_word' id='word_1_198' title='bbox 734 2875 846 2934; x_wconf 93' lang='lat' dir='ltr'>munire</span> <span class='ocrx_word' id='word_1_199' title='bbox 867 2875 1054 2950; x_wconf 90' lang='lat' dir='ltr'>omniumque</span> <span class='ocrx_word' id='word_1_200' title='bbox 1075 2892 1137 2934; x_wconf 88' lang='lat' dir='ltr'>csse</span> <span class='ocrx_word' id='word_1_201' title='bbox 1158 2874 1296 2950; x_wconf 89' lang='lat' dir='ltr'>Iguvino-</span> 
     </span>
     <span class='ocr_line' id='line_1_27' title="bbox 213 2974 1295 3055; baseline -0.003 -19"><span class='ocrx_word' id='word_1_202' title='bbox 213 2997 278 3036; x_wconf 91' lang='lat' dir='ltr'>rum</span> <span class='ocrx_word' id='word_1_203' title='bbox 300 2980 440 3052; x_wconf 89' lang='lat' dir='ltr'>optimam</span> <span class='ocrx_word' id='word_1_204' title='bbox 462 2995 533 3054; x_wconf 85' lang='lat' dir='ltr'>erga</span> <span class='ocrx_word' id='word_1_205' title='bbox 552 2997 584 3038; x_wconf 92' lang='lat' dir='ltr'>se</span> <span class='ocrx_word' id='word_1_206' title='bbox 603 2979 796 3055; x_wconf 86' lang='lat' dir='ltr'>voluntatem,</span> <span class='ocrx_word' id='word_1_207' title='bbox 819 2977 974 3037; x_wconf 78' lang='lat' dir='ltr'>Curionem</span> <span class='ocrx_word' id='word_1_208' title='bbox 996 2995 1062 3037; x_wconf 89' lang='lat' dir='ltr'>oum</span> <span class='ocrx_word' id='word_1_209' title='bbox 1083 2976 1175 3036; x_wconf 88' lang='lat' dir='ltr'>tribus</span> <span class='ocrx_word' id='word_1_210' title='bbox 1198 2974 1295 3035; x_wconf 90' lang='lat' dir='ltr'>cohor·</span> 
     </span>
    </p>

    <p class='ocr_par' dir='ltr' id='par_1_13' title="bbox 172 3078 1295 3974">
     <span class='ocr_line' id='line_1_28' title="bbox 176 3078 1294 3157; baseline -0.002 -18"><span class='ocrx_word' id='word_1_211' title='bbox 176 3081 298 3157; x_wconf 82' lang='lat' dir='ltr'>atibus,</span> <span class='ocrx_word' id='word_1_212' title='bbox 329 3098 402 3156; x_wconf 86' lang='lat' dir='ltr'>quas</span> <span class='ocrx_word' id='word_1_213' title='bbox 424 3081 536 3140; x_wconf 89' lang='lat' dir='ltr'>Pisauri</span> <span class='ocrx_word' id='word_1_214' title='bbox 558 3086 587 3141; x_wconf 90' lang='lat' dir='ltr'>et</span> <span class='ocrx_word' id='word_1_215' title='bbox 607 3080 728 3140; x_wconf 92' lang='lat' dir='ltr'>Arimini</span> <span class='ocrx_word' id='word_1_216' title='bbox 748 3079 890 3152; x_wconf 89' lang='lat' dir='ltr'>habebat,</span> <span class='ocrx_word' id='word_1_217' title='bbox 915 3079 1011 3141; x_wconf 91' lang='lat' dir='ltr'>mittit.</span> <span class='ocrx_word' id='word_1_218' title='bbox 1056 3078 1146 3138; x_wconf 76' lang='lat' dir='ltr'>Cuius</span> <span class='ocrx_word' id='word_1_219' title='bbox 1167 3078 1294 3137; x_wconf 84' lang='lat' dir='ltr'>adventu</span> 
     </span>
     <span class='ocr_line' id='line_1_29' title="bbox 213 3180 1295 3260; baseline 0 -18"><span class='ocrx_word' id='word_1_220' title='bbox 213 3182 329 3258; x_wconf 92' lang='lat' dir='ltr'>cognito</span> <span class='ocrx_word' id='word_1_221' title='bbox 365 3181 479 3243; x_wconf 75' lang='lat' dir='ltr'>diffisus</span> <span class='ocrx_word' id='word_1_222' title='bbox 510 3181 658 3260; x_wconf 89' lang='lat' dir='ltr'>municipii</span> <span class='ocrx_word' id='word_1_223' title='bbox 678 3184 823 3244; x_wconf 87' lang='lat' dir='ltr'>voluntati</span> <span class='ocrx_word' id='word_1_224' title='bbox 843 3182 987 3242; x_wconf 87' lang='lat' dir='ltr'>Thermus</span> <span class='ocrx_word' id='word_1_225' title='bbox 1012 3180 1143 3241; x_wconf 88' lang='lat' dir='ltr'>cohortes</span> <span class='ocrx_word' id='word_1_226' title='bbox 1165 3200 1201 3242; x_wconf 82' lang='lat' dir='ltr'>ex</span> <span class='ocrx_word' id='word_1_227' title='bbox 1223 3184 1295 3242; x_wconf 89' lang='lat' dir='ltr'>urbe</span> 
     </span>
     <span class='ocr_line' id='line_1_30' title="bbox 212 3282 1292 3362; baseline -0.002 -17"><span class='ocrx_word' id='word_1_228' title='bbox 212 3285 307 3345; x_wconf 90' lang='lat' dir='ltr'>educit</span> <span class='ocrx_word' id='word_1_229' title='bbox 328 3291 357 3346; x_wconf 92' lang='lat' dir='ltr'>et</span> <span class='ocrx_word' id='word_1_230' title='bbox 377 3285 517 3362; x_wconf 80' lang='lat' dir='ltr'>profugit.</span> <span class='ocrx_word' id='word_1_231' title='bbox 538 3287 645 3346; x_wconf 86' lang='lat' dir='ltr'>Milites</span> <span class='ocrx_word' id='word_1_232' title='bbox 667 3288 697 3344; x_wconf 89' lang='lat' dir='ltr'>in</span> <span class='ocrx_word' id='word_1_233' title='bbox 720 3286 822 3344; x_wconf 91' lang='lat' dir='ltr'>itinere</span> <span class='ocrx_word' id='word_1_234' title='bbox 844 3286 881 3345; x_wconf 89' lang='lat' dir='ltr'>ab</span> <span class='ocrx_word' id='word_1_235' title='bbox 904 3301 938 3343; x_wconf 87' lang='lat' dir='ltr'>eo</span> <span class='ocrx_word' id='word_1_236' title='bbox 955 3282 1105 3342; x_wconf 87' lang='lat' dir='ltr'>discedunt</span> <span class='ocrx_word' id='word_1_237' title='bbox 1119 3301 1153 3343; x_wconf 90' lang='lat' dir='ltr'>ac</span> <span class='ocrx_word' id='word_1_238' title='bbox 1175 3284 1292 3343; x_wconf 92' lang='lat' dir='ltr'>domum</span> 
     </span>
     <span class='ocr_line' id='line_1_31' title="bbox 210 3385 1294 3460; baseline -0.008 -13"><span class='ocrx_word' id='word_1_239' title='bbox 210 3393 403 3448; x_wconf 90' lang='lat' dir='ltr'>revertuntur.</span> <span class='ocrx_word' id='word_1_240' title='bbox 446 3388 534 3448; x_wconf 79' lang='lat' dir='ltr'>Curio</span> <span class='ocrx_word' id='word_1_241' title='bbox 560 3405 674 3448; x_wconf 88' lang='lat' dir='ltr'>summa</span> <span class='ocrx_word' id='word_1_242' title='bbox 695 3388 825 3447; x_wconf 91' lang='lat' dir='ltr'>omnium</span> <span class='ocrx_word' id='word_1_243' title='bbox 855 3386 1005 3445; x_wconf 88' lang='lat' dir='ltr'>voluntate</span> <span class='ocrx_word' id='word_1_244' title='bbox 1025 3385 1162 3460; x_wconf 85' lang='lat' dir='ltr'>Iguvium</span> <span class='ocrx_word' id='word_1_245' title='bbox 1184 3387 1294 3460; x_wconf 88' lang='lat' dir='ltr'>recipit.</span> 
     </span>
     <span class='ocr_line' id='line_1_32' title="bbox 172 3487 1294 3566; baseline -0.002 -16"><span class='ocrx_word' id='word_1_246' title='bbox 172 3494 190 3543; x_wconf 70' lang='lat' dir='ltr'>A</span> <span class='ocrx_word' id='word_1_247' title='bbox 213 3489 327 3564; x_wconf 79' lang='lat' dir='ltr'>Quibus</span> <span class='ocrx_word' id='word_1_248' title='bbox 349 3491 436 3550; x_wconf 90' lang='lat' dir='ltr'>rebus</span> <span class='ocrx_word' id='word_1_249' title='bbox 451 3489 571 3566; x_wconf 88' lang='lat' dir='ltr'>cognitis</span> <span class='ocrx_word' id='word_1_250' title='bbox 586 3487 712 3549; x_wconf 81' lang='lat' dir='ltr'>confisus</span> <span class='ocrx_word' id='word_1_251' title='bbox 733 3487 955 3564; x_wconf 89' lang='lat' dir='ltr'>municipiorum</span> <span class='ocrx_word' id='word_1_252' title='bbox 974 3487 1173 3548; x_wconf 84' lang='lat' dir='ltr'>voluntatibus</span> <span class='ocrx_word' id='word_1_253' title='bbox 1189 3487 1294 3548; x_wconf 75' lang='lat' dir='ltr'>Caesar</span> 
     </span>
     <span class='ocr_line' id='line_1_33' title="bbox 212 3589 1293 3669; baseline -0.003 -15"><span class='ocrx_word' id='word_1_254' title='bbox 212 3593 343 3656; x_wconf 89' lang='lat' dir='ltr'>cohortes</span> <span class='ocrx_word' id='word_1_255' title='bbox 370 3591 493 3669; x_wconf 86' lang='lat' dir='ltr'>legionis</span> <span class='ocrx_word' id='word_1_256' title='bbox 514 3611 577 3650; x_wconf 87' lang='lat' dir='ltr'>xnr.</span> <span class='ocrx_word' id='word_1_257' title='bbox 612 3610 649 3651; x_wconf 85' lang='lat' dir='ltr'>ex</span> <span class='ocrx_word' id='word_1_258' title='bbox 677 3591 826 3668; x_wconf 88' lang='lat' dir='ltr'>praesidiis</span> <span class='ocrx_word' id='word_1_259' title='bbox 850 3589 965 3651; x_wconf 88' lang='lat' dir='ltr'>deducit</span> <span class='ocrx_word' id='word_1_260' title='bbox 991 3591 1210 3666; x_wconf 84' lang='lat' dir='ltr'>Auximumque</span> <span class='ocrx_word' id='word_1_261' title='bbox 1230 3610 1293 3666; x_wconf 84' lang='lat' dir='ltr'>pro</span> 
     </span>
     <span class='ocr_line' id='line_1_34' title="bbox 212 3693 1293 3772; baseline -0.002 -18"><span class='ocrx_word' id='word_1_262' title='bbox 212 3695 365 3772; x_wconf 66' lang='lat' dir='ltr'>ficiscitur,</span> <span class='ocrx_word' id='word_1_263' title='bbox 400 3694 476 3770; x_wconf 93' lang='lat' dir='ltr'>quod</span> <span class='ocrx_word' id='word_1_264' title='bbox 506 3693 644 3770; x_wconf 92' lang='lat' dir='ltr'>oppidum</span> <span class='ocrx_word' id='word_1_265' title='bbox 672 3693 768 3753; x_wconf 89' lang='lat' dir='ltr'>Attius</span> <span class='ocrx_word' id='word_1_266' title='bbox 798 3693 964 3754; x_wconf 85' lang='lat' dir='ltr'>cohortibus</span> <span class='ocrx_word' id='word_1_267' title='bbox 996 3693 1089 3752; x_wconf 91' lang='lat' dir='ltr'>tribus</span> <span class='ocrx_word' id='word_1_268' title='bbox 1121 3693 1293 3752; x_wconf 88' lang='lat' dir='ltr'>introductis</span> 
     </span>
     <span class='ocr_line' id='line_1_35' title="bbox 211 3793 1293 3872; baseline -0.003 -14"><span class='ocrx_word' id='word_1_269' title='bbox 211 3797 330 3858; x_wconf 89' lang='lat' dir='ltr'>tenebat</span> <span class='ocrx_word' id='word_1_270' title='bbox 344 3796 538 3872; x_wconf 89' lang='lat' dir='ltr'>dilectumque</span> <span class='ocrx_word' id='word_1_271' title='bbox 553 3801 614 3856; x_wconf 94' lang='lat' dir='ltr'>toto</span> <span class='ocrx_word' id='word_1_272' title='bbox 626 3797 732 3856; x_wconf 87' lang='lat' dir='ltr'>Piceno</span> <span class='ocrx_word' id='word_1_273' title='bbox 748 3795 948 3856; x_wconf 88' lang='lat' dir='ltr'>circummissis</span> <span class='ocrx_word' id='word_1_274' title='bbox 962 3795 1144 3854; x_wconf 90' lang='lat' dir='ltr'>senatoribus</span> <span class='ocrx_word' id='word_1_275' title='bbox 1157 3793 1293 3855; x_wconf 88' lang='lat' dir='ltr'>habebat.</span> 
     </span>
     <span class='ocr_line' id='line_1_36' title="bbox 298 3891 1292 3974; baseline -0.005 -15"><span class='ocrx_word' id='word_1_276' title='bbox 298 3891 352 3963; x_wconf 83' lang='lat'>13.</span> <span class='ocrx_word' id='word_1_277' title='bbox 374 3898 509 3958; x_wconf 84' lang='lat' dir='ltr'>Adventu</span> <span class='ocrx_word' id='word_1_278' title='bbox 526 3896 654 3958; x_wconf 78' lang='lat' dir='ltr'>Caesaris</span> <span class='ocrx_word' id='word_1_279' title='bbox 670 3899 786 3974; x_wconf 90' lang='lat' dir='ltr'>cognito</span> <span class='ocrx_word' id='word_1_280' title='bbox 805 3897 974 3958; x_wconf 89' lang='lat' dir='ltr'>decuriones</span> <span class='ocrx_word' id='word_1_281' title='bbox 988 3897 1107 3956; x_wconf 87' lang='lat' dir='ltr'>Auximi</span> <span class='ocrx_word' id='word_1_282' title='bbox 1128 3897 1166 3956; x_wconf 89' lang='lat' dir='ltr'>ad</span> <span class='ocrx_word' id='word_1_283' title='bbox 1181 3896 1292 3956; x_wconf 90' lang='lat' dir='ltr'>Attium</span> 
     </span>
    </p>
   </div>
   <div class='ocr_carea' id='block_1_5' title="bbox 0 0 1484 4500">
    <p class='ocr_par' dir='ltr' id='par_1_14' title="bbox 0 0 1484 4500">
     <span class='ocr_line' id='line_1_37' title="bbox 0 0 1484 4500; baseline 0 1"><span class='ocrx_word' id='word_1_284' title='bbox 0 0 1484 4500; x_wconf 95' lang='lat' dir='ltr'> </span> 
     </span>
    </p>
   </div>
  </div>
 </body>
</html>
