2964 4506
244 205 303 263 110
639 208 688 262 ΒΕ
706 208 824 266 BELLO
842 210 955 267 CIVILI

241 381 336 441 elassis
351 381 443 440 divisa
463 381 492 440 in
508 381 581 441 duas
594 387 699 460 partes,
722 384 854 446 dimidiae
868 386 943 462 parti
964 393 1110 462 praeesset
1124 391 1157 449 P.
1175 390 1318 467 Sulpicius

240 488 356 558 praetor
384 483 422 542 ad
447 477 591 544 Vibonem
618 478 666 567 [ad
694 482 822 569 fretuml,
850 487 985 548 dimidiae
1013 491 1050 551 Μ.
1073 492 1252 568 Pomponius
1281 493 1318 552 ad

240 587 410 662 Messanam,
431 586 511 661 prius
534 586 648 649 Cassius
670 588 708 648 ad
722 590 883 650 Messanam
905 591 1029 651 navibus
1050 593 1205 666 advolavit,
1228 613 1317 670 quam

203 693 217 742 2
240 688 417 764 Pomponius
438 690 474 750 de
501 689 561 750 eius
588 691 715 751 adventu
743 698 942 769 eognosoeret,
966 695 1227 772 perturbatumque
1249 715 1315 757 eum

239 795 355 867 naetns,
377 793 462 852 nullis
484 792 620 853 eustodiis
642 811 737 868 neque
758 793 905 854 ordinibus
928 794 1026 872 sertis,
1047 815 1155 873 magno
1177 804 1264 859 vento
1287 801 1316 859 et

239 891 364 952 seeundo
398 896 554 972 completas
586 896 732 956 onerarias
764 913 854 956 naves
882 897 967 956 taeda
995 902 1024 958 et
1051 897 1114 975 piee
1147 906 1176 959 et
1208 905 1316 977 stuppa

139 981 142 988 ⁴
238 994 412 1072 reliquisque
439 997 540 1073 rebus,
573 1014 649 1072 quae
677 1002 745 1057 sunt
772 997 810 1056 ad
841 997 988 1075 ineendia,
1020 999 1050 1058 in
1083 1001 1313 1078 Pomponianam

240 1098 358 1158 elassem
385 1099 502 1160 immisit
529 1103 617 1175 atque
645 1117 745 1159 omnes
770 1117 860 1158 naves
885 1099 1011 1164 inoendit
1037 1121 1134 1172 xxxv,
1165 1121 1181 1162 e
1207 1103 1312 1179 quibus

202 1202 218 1251 3
240 1204 321 1260 erant
335 1220 376 1260 xx
391 1206 560 1261 nonstratae.
594 1202 765 1276 Tantusque
786 1219 820 1260 eo
842 1199 920 1261 faoto
942 1202 1028 1262 timor
1041 1203 1167 1282 inoessit,
1189 1209 1230 1280 ut,
1252 1223 1317 1266 eum

240 1308 314 1362 esset
335 1303 411 1378 legio
425 1303 568 1379 praesidio
583 1303 740 1380 Messanae,
761 1303 811 1362 vix
827 1303 966 1380 oppidum
981 1303 1191 1384 defenderetur,
1209 1311 1242 1370 ,et
1263 1307 1317 1366 nisi

240 1421 274 1464 eo
296 1404 359 1481 ipso
376 1410 505 1481 tempore
520 1405 637 1481 quidam
652 1405 746 1464 nuntii
762 1405 797 1464 de
813 1404 943 1466 Caesaris
958 1405 1078 1467 motoria
1098 1426 1151 1485 per
1165 1408 1318 1483 dispositos

239 1506 350 1581 equites
372 1512 467 1567 essent
488 1507 581 1578 allati,
609 1507 812 1568 existimabant
832 1507 963 1583 plerique
988 1507 1119 1568 futurum
1141 1508 1244 1586 inisse,
1275 1510 1318 1571 uti

203 1609 425 1670 demitteretur.
455 1608 512 1669 Sed
534 1608 775 1686 opportunissime
796 1609 904 1669 nuntiis
926 1610 1019 1670 allatis
1041 1611 1181 1688 oppidum
1203 1617 1247 1672 est
1268 1612 1315 1672 de

239 1709 367 1790 tensum,
398 1710 571 1786 Cassiusque
593 1710 630 1770 ad
653 1709 846 1786 Sulpicianam
868 1709 935 1770 inde
963 1712 1082 1772 elassem
1105 1711 1252 1789 proiectus
1275 1718 1317 1774 est

204 1813 383 1873 bVibonem
426 1813 636 1890 adplicatisque
668 1812 772 1872 nostris
808 1813 846 1872 ad
888 1818 993 1873 terram
1031 1814 1155 1874 navibus
1183 1813 1319 1892 [propter

241 1917 365 1976 eundem
393 1914 536 1992 timorem]
565 1915 628 1993 pari
658 1920 747 1990 atque
774 1919 860 1974 antea
883 1915 994 1975 ratione
1026 1916 1185 1976 seeundum
1215 1923 1317 1978 naetus

239 2023 358 2078 ventum
387 2017 532 2078 onerarias
553 2035 643 2077 naves
667 2015 788 2093 [eiroiter
809 2015 858 2093 xa]
880 2021 1067 2094 praeparatas
1095 2017 1132 2077 ad
1153 2017 1317 2078 ineendium

238 2119 367 2196 immisit,
398 2125 427 2180 et
455 2118 575 2179 flamma
604 2121 641 2180 ab
669 2123 793 2194 unoque
821 2137 910 2178 oomn
939 2137 1109 2196 eomprensa
1135 2138 1224 2180 naves
1249 2125 1317 2181 sunt

202 2222 407 2286 boombustae
439 2222 576 2298 quinque.
621 2221 752 2296 Cumque
783 2221 859 2298 ignis
887 2221 1087 2298 magnitudine
1119 2221 1197 2282 venti
1228 2222 1315 2283 latius

238 2327 377 2402 serperet,
399 2322 516 2401 milites,
539 2323 589 2400 qui
611 2341 648 2383 ex
669 2323 814 2383 veteribus
834 2321 996 2399 legionibus
1023 2329 1105 2384 erant
1126 2323 1215 2384 relieti
1235 2341 1315 2401 prae-

238 2426 310 2486 sidio
331 2425 456 2486 navibus
478 2445 514 2486 ex
540 2444 661 2487 numero
690 2443 858 2501 aegrorum,
886 2425 1076 2500 ignominiam
1098 2444 1157 2486 non
1178 2427 1314 2504 tulerunt,

237 2529 287 2588 sed
310 2547 364 2588 sua
385 2533 488 2605 sponte
503 2546 592 2588 naves
607 2527 834 2589 oonsoenderunt
855 2531 884 2586 et
899 2546 917 2587 a
936 2532 1013 2587 terra
1032 2528 1181 2588 solverunt
1194 2527 1314 2604 impetu·

237 2649 295 2708 que
315 2630 392 2692 faoto
415 2631 444 2691 in
460 2631 626 2692 Cassianam
649 2633 768 2691 olassem
790 2629 1011 2706 quinqueremes
1032 2630 1113 2707 duas,
1134 2629 1164 2688 in
1188 2647 1312 2706 quarum

236 2735 326 2794 altera
353 2739 415 2795 erat
437 2732 567 2811 Cassius,
596 2738 797 2811 oeperunt-
818 2731 869 2791 sed
898 2730 1012 2790 Cassius
1040 2735 1177 2807 exeeptus
1203 2731 1313 2808 soapha

198 2851 212 2900 t
236 2835 343 2914 refugit
357 2857 414 2916 -3
436 2841 585 2914 praeterea
599 2835 675 2894 duae
689 2839 757 2893 sunt
770 2833 922 2909 depressae
936 2831 1073 2891 triremes.
1101 2832 1206 2909 Neque
1220 2835 1311 2893 multe

236 2945 302 3017 post
313 2939 349 2999 de
361 2939 470 3017 proelio
480 2937 558 2997 iaoto
569 2937 599 2995 in
611 2935 759 2995 Thessalia
774 2933 921 3009 cognitum
936 2938 987 3010 est,
1002 2937 1036 2992 ut
1048 2932 1117 3009 ipsis
1127 2934 1311 3012 Pompeianis

234 3041 307 3102 fides
322 3040 419 3120 lieret3
434 3058 502 3100 nam
518 3042 585 3098 ante
599 3038 630 3098 id
645 3042 760 3113 tempus
773 3035 847 3112 iingi
861 3053 879 3094 a
892 3034 995 3112 legatis
1010 3034 1166 3111 amicisque
1181 3035 1310 3097 Caesaris

219 3144 456 3204 arbitrabantur.
501 3139 614 3214 Quibus
636 3140 723 3198 rebus
745 3137 865 3214 oognitis
887 3155 924 3196 ex
950 3137 994 3197 his
1015 3137 1085 3197 loeis
1107 3136 1222 3198 Cassius
1243 3156 1307 3199 eum

233 3248 322 3308 alasse
343 3242 479 3305 discessit.
1134 3307 1136 3313 Ι

318 3340 393 3408 102.
417 3343 522 3404 Caesar
557 3341 692 3402 omnibus
724 3341 811 3400 rebus
846 3339 951 3400 relietis
986 3339 1217 3417 persequendum
1253 3340 1307 3400 sibi

232 3449 404 3526 Pompeium
426 3443 612 3522 existimavit,
635 3459 831 3520 quascumque
852 3442 883 3501 in
905 3446 1002 3518 partes
1023 3459 1055 3502 se
1077 3460 1113 3502 ex
1139 3440 1212 3518 fuga
1232 3460 1306 3502 reos

230 3553 330 3629 pisset,
358 3568 395 3610 ne
421 3565 520 3608 rursus
552 3545 649 3624 eopias
675 3562 842 3621 eomparare
873 3543 944 3603 alias
971 3548 1000 3604 et
1026 3544 1134 3603 bellurn
1166 3561 1306 3605 renovare

229 3659 342 3731 posset,
372 3657 401 3712 et
428 3654 693 3727 quantumcumque
720 3646 828 3707 itineris
857 3647 986 3723 equitatu
1016 3644 1158 3706 oonfieere
1182 3650 1304 3722 poterat,

232 3754 333 3816 eotidie
359 3753 598 3832 progrediebatur
622 3752 825 3827 legionemque
852 3767 941 3808 unam
969 3747 1127 3830 minoribus
1155 3747 1303 3808 itineribus

192 3867 206 3918 t
228 3859 367 3934 subsequi
387 3857 477 3918 iussit.
508 3855 578 3914 Erat
599 3854 722 3914 edietum
738 3851 859 3928 Pompei
879 3852 998 3910 nomine
1012 3848 1178 3926 Amphipoli
1200 3868 1303 3927 propo
