2960 4500
621 270 642 325 1.
662 273 772 324 *rs-so.
1178 228 1232 331 '35

158 445 306 506 eonsilium
329 445 520 522 explicaturos
536 443 728 506 oonfidebant.
760 445 886 506 Tarraeo
902 446 1001 506 aberat
1023 447 1150 526 longius,
1174 467 1232 524 quo
1255 457 1270 506 4

157 548 249 624 spatio
264 549 360 624 plures
375 566 435 608 rem
450 565 535 624 posse
550 565 632 608 easus
646 546 772 624 resipere
788 547 1002 624 intellegebant.
1032 549 1097 609 Hoe
1111 551 1233 626 probato

159 650 276 710 oonsilio
299 669 335 710 ex
357 651 456 711 oasuis
469 649 699 728 proiioisountur.
731 649 836 710 Caesar
851 651 981 726 equitatu
996 652 1162 728 praemisso,
1183 653 1233 729 qui
1254 661 1269 708 5

158 753 347 814 novissimum
362 772 467 830 agmen
483 757 612 829 carperet
626 757 715 828 atque
729 751 888 827 impediret,
909 753 971 830 ipse
986 772 1051 814 eum
1072 754 1235 831 legionibus

157 852 350 927 subsequitur.
395 853 516 912 Nullum
544 851 739 912 intersedebat
767 856 895 929 tempus,
925 853 994 929 quin
1024 853 1144 913 extremi
1170 872 1236 914 oum

159 953 304 1029 equitibus
324 955 542 1032 proeliarentur.

245 1049 299 1119 79.
324 1056 423 1118 Genus
445 1062 507 1116 erat
533 1055 589 1117 hoe
616 1074 742 1133 pugnae.
785 1055 944 1133 Expeditae
968 1057 1098 1117 eohortes
1120 1056 1227 1118 novissi

158 1177 238 1218 mum
262 1177 367 1236 agmen
391 1159 563 1220 claudebant
590 1160 747 1236 pluresque
771 1158 800 1218 in
829 1158 898 1218 loeis
920 1160 1126 1236 campestribus
1147 1160 1236 1220 subsi-

159 1262 283 1322 stebant.
317 1262 348 1322 Si
369 1281 453 1323 mons
474 1266 536 1322 erat
557 1261 762 1338 aseendeudus,
784 1259 868 1320 iaaile
888 1261 952 1336 ipsa
972 1261 1027 1322 loni
1041 1267 1145 1321 natura
1166 1261 1237 1338 peri·
1257 1269 1273 1320 2

160 1365 256 1424 aulum
278 1365 443 1442 repellebat,
470 1363 548 1440 quod
570 1382 607 1424 ex
628 1364 697 1424 loeis
724 1363 920 1438 superioribus
949 1363 999 1440 qui
1027 1368 1238 1425 anteoesserant

160 1484 228 1527 suos
242 1466 429 1527 assendentes
449 1467 655 1544 protegebant,
679 1483 745 1526 oum
759 1465 842 1524 vallis
863 1470 914 1526 aut
935 1466 1015 1526 loeus
1037 1465 1151 1526 deolivis
1171 1468 1237 1528 sub
1258 1473 1274 1522 3

162 1573 223 1629 erat
243 1587 339 1645 neque
352 1569 381 1646 ii,
403 1569 454 1645 qui
468 1573 689 1644 anteoesserant,
711 1567 889 1628 morantibus
904 1586 989 1644 opem
1006 1567 1082 1628 ferre
1095 1574 1238 1645 poterant,

161 1671 270 1746 equites
292 1689 361 1732 vero
383 1689 420 1732 ex
441 1673 504 1732 looo
527 1671 673 1748 superiore
694 1671 724 1730 in
749 1688 867 1731 aversos
896 1672 956 1731 tela
982 1670 1154 1749 ooioiebant,
1175 1676 1237 1730 tum

159 1790 268 1848 magno
291 1772 403 1833 eratin
425 1773 551 1849 perioulo
573 1790 627 1832 res.
663 1772 904 1850 Relinquebatur,
926 1778 967 1850 ut,
990 1791 1054 1832 eum
1078 1772 1139 1832 eius
1160 1773 1274 1833 modis

159 1873 229 1934 loeis
251 1879 326 1934 esset
347 1874 624 1952 adpropinquatum,
654 1873 801 1950 legionum
827 1874 911 1951 signa
933 1874 1086 1936 oonsistere
1107 1875 1240 1935 iuberent

160 1993 326 2053 magnoque
347 1975 458 2053 impetu
473 1976 632 2052 equitatum
646 1977 824 2053 repellerent,
846 1994 880 2037 eo
902 1977 1037 2036 submoto
1060 1982 1177 2052 repente
1198 1978 1239 2036 in-

164 2077 241 2138 uitati
263 2096 348 2138 eursu
369 2097 432 2140 sese
453 2079 482 2136 in
505 2079 594 2137 valles
615 2077 742 2138 universi
768 2077 952 2138 demitterent
977 2081 1066 2152 atque
1086 2077 1127 2138 ita
1148 2083 1237 2138 trans

164 2179 253 2255 gressi
274 2197 373 2240 rursus
394 2180 424 2239 in
445 2180 514 2240 loeis
536 2179 731 2257 superioribus
746 2178 939 2238 oonsisterent.
967 2179 1044 2238 Nam
1066 2184 1179 2239 tantum
1199 2181 1237 2240 ab
1260 2185 1275 2234 5

164 2282 293 2357 equitum
319 2301 437 2344 suorum
465 2282 571 2343 auxilio
598 2283 732 2356 aberant,
760 2299 883 2357 quorum
912 2300 1064 2342 numerum
1094 2282 1241 2342 habebant

163 2401 318 2463 magnum,
350 2391 384 2446 ut
411 2403 460 2446 eos
487 2384 682 2462 superioribus
713 2383 879 2461 perterritos
906 2383 1020 2460 proeliis
1051 2384 1081 2443 in
1114 2383 1240 2444 medium

165 2486 323 2564 reoiperent
337 2505 441 2564 agmen
458 2489 591 2562 ultroque
606 2504 656 2547 eos
670 2490 832 2564 tuerentur,
856 2503 979 2561 quorum
998 2486 1069 2545 nulli
1084 2504 1121 2546 ex
1142 2486 1242 2546 itinere

167 2589 304 2651 exoedere
325 2590 437 2668 lioebat,
458 2591 528 2666 quin
550 2590 588 2648 ab
610 2589 740 2665 equitatu
763 2587 892 2648 Caesaris
913 2588 1100 2664 exeiperetur.
1302 2577 1304 2583 ’

253 2684 309 2754 80.
333 2690 398 2750 Tali
420 2692 488 2751 dum
510 2696 659 2768 pugnatur
672 2690 768 2766 modo,
790 2690 867 2750 lente
881 2695 969 2766 atque
983 2690 1124 2767 paulatim
1145 2707 1242 2766 prooe

168 2793 252 2869 ditur,
274 2795 440 2870 crebroque,
462 2798 495 2854 ut
516 2793 572 2854 sint
586 2793 694 2853 auxilio
715 2792 783 2870 suis,
803 2792 976 2870 subsistunt3
999 2798 1032 2852 ut
1053 2798 1115 2853 tum
1131 2791 1241 2852 aooidit.

168 2894 247 2954 Milia
267 2896 343 2956 enim
364 2896 508 2973 progressi
529 2914 574 2954 1111
595 2895 850 2971 vehementiusque
876 2895 1030 2973 peragitati
1051 2897 1089 2956 ab
1112 2894 1242 2971 equitatu
1263 2901 1277 2950 2

167 3003 293 3058 montem
311 2999 455 3058 exoelsum
470 2999 588 3075 sapiunt
607 2997 705 3073 ibique
719 3015 779 3058 una
792 2997 888 3058 fronte
903 3003 1003 3057 eontra
1024 2998 1135 3058 hostem
1151 3000 1243 3056 oastm

168 3099 303 3158 muniunt
330 3117 425 3174 neque
452 3099 586 3158 iumentis
608 3117 697 3159 onera
720 3100 877 3176 deponunt.
920 3099 978 3160 Ubi
1000 3099 1130 3159 Caesaris
1152 3102 1280 3159 uestras

168 3201 263 3279 posita
290 3202 533 3276 tabernaculaque
561 3200 715 3261 constituta
741 3206 770 3260 et
797 3200 928 3260 dimissos
956 3200 1066 3276 equites
1087 3199 1245 3277 pabulandi

170 3321 256 3364 eausa
278 3304 406 3364 animum
428 3304 626 3378 adverterunt,
652 3319 714 3362 sese
734 3303 831 3363 subito
853 3301 1017 3379 proripiunt
1043 3301 1115 3361 hora
1137 3301 1246 3361 moiter

170 3410 252 3466 sexta
279 3406 405 3466 eiusdem
434 3405 490 3466 diei
516 3410 545 3466 et
575 3422 657 3482 spem
686 3405 762 3466 nasu
793 3423 892 3466 morae
924 3405 1050 3465 dmoessu
1082 3409 1245 3464 nostrorum

171 3508 299 3582 equitum
321 3508 376 3568 iter
395 3506 491 3569 faeere
511 3507 659 3585 ineipiunt.
704 3507 770 3581 Qua
795 3526 827 3568 re
848 3508 977 3567 animum
998 3507 1120 3567 adversa
1142 3505 1247 3566 Caesar
1268 3515 1283 3564 4

171 3609 280 3670 eduotis
308 3609 470 3686 legionibus
495 3610 696 3687 subsequitur,
725 3609 866 3686 praesidio
894 3609 1105 3687 impedimentis
1137 3625 1246 3685 pauoas

172 3712 302 3773 eohortes
323 3712 470 3790 relinquit3
494 3711 545 3772 has
567 3712 639 3772 hora
659 3733 687 3771 x.
706 3712 852 3790 subsequi,
872 3714 1057 3790 pabulatores
1079 3710 1248 3786 equitesque

172 3815 299 3875 revooari
312 3815 403 3876 iubet.
434 3814 568 3875 celeriter
582 3817 729 3890 equitatus
743 3814 781 3874 ad
798 3815 973 3876 cotidianum
988 3812 1096 3874 itineris
1118 3813 1247 3873 offioium

172 3917 331 3979 revertitur.
376 3918 528 3994 Pugnatur
556 3917 658 3978 aeriter
683 3917 720 3976 ad
747 3917 934 3978 novissimum
962 3933 1083 3993 agmen,
1114 3915 1187 3974 adeo
1216 3919 1285 3974 urs

1056 4011 1091 4063 3*
