2964 4506
609 277 664 334 111..
675 281 784 332 23-28.
1052 271 1062 282 ’
1189 277 1227 334 75

151 457 266 526 tempus
289 453 326 512 ad
341 455 602 527 transportandum
623 453 783 512 lenioribus
797 453 895 514 ventis
909 456 1128 528 exspectabant.
1162 453 1231 526 Qui·
1252 459 1268 508 4

150 556 206 613 bus
228 557 315 614 rebus
337 562 486 630 permotus
508 554 618 616 Caesar
638 555 830 615 Brundisium
853 555 891 615 ad
913 572 981 616 suos
1003 556 1136 616 severius
1159 555 1230 614 scri-

151 657 219 732 psit,
235 657 315 716 nacti
328 659 464 718 idoneum
479 664 599 718 ventum
614 674 652 717 ne
666 658 847 717 occasionem
861 657 1024 733 navigandi
1039 657 1229 733 dimitterent,

152 760 215 819 sive
237 760 275 818 ad
288 759 380 820 litora
392 759 624 836 Apolloniatium
646 761 709 821 sive
724 761 762 818 ad
776 759 951 820 Labeatium
968 776 1086 819 cursum
1101 759 1230 833 dirigere

152 867 241 933 atque
263 879 296 920 eo
319 878 410 923 naves
432 862 524 921 eicere
546 869 673 937 possent.
706 863 789 922 Haec
811 879 830 921 a
851 862 992 922 custodiis
1008 862 1145 921 classium
1167 862 1268 919 locat

151 963 277 1022 maxime
298 965 458 1039 vacabant,
486 980 550 1022 cum
573 980 604 1022 se
625 963 744 1038 longius
766 981 784 1022 a
810 965 947 1038 portibus
969 963 1152 1023 committere
1174 979 1233 1021 non

155 1065 307 1124 auderent.

237 1159 294 1230 26.
317 1167 369 1226 Illi
405 1166 540 1226 adhibita
575 1167 718 1226 andacia'
736 1174 767 1226 et
802 1168 917 1228 virtute
956 1167 1234 1226 administrantibus

152 1267 190 1327 Μ.
212 1268 342 1327 Antonio
365 1275 395 1327 et
409 1269 495 1329 Fufio
510 1268 626 1344 caleno,
649 1271 774 1329 multum
796 1269 869 1343 ipsis
888 1267 1031 1328 militibus
1046 1269 1233 1328 hortantibus

153 1386 246 1442 neque
267 1370 361 1428 ullum
383 1371 546 1445 periculum
567 1387 621 1445 pro
643 1371 740 1430 salute
762 1370 897 1431 Caesaris
919 1371 1131 1445 recusantibus,
1154 1368 1235 1428 nacti

153 1475 286 1531 ansbum
311 1489 403 1532 naves
431 1474 551 1533 solvunt
579 1478 669 1546 atque
698 1473 793 1532 altero
822 1473 869 1532 die
890 1473 1077 1548 Apolloniam
1102 1475 1234 1546 praeter·

152 1574 310 1633 vehuntur.
343 1574 400 1646 Qui
421 1592 487 1634 cum
508 1580 608 1634 essent
629 1591 666 1635 ex
687 1575 850 1635 continenti
871 1575 938 1651 visi,
961 1574 991 1636 0.
1007 1573 1161 1650 Coponius,
1186 1571 1234 1647 qui
1255 1576 1269 1626 ²

153 1675 315 1749 Dyrrachii
335 1676 422 1736 classi
443 1677 578 1737 Rhodiae
598 1681 751 1752 praeerat,
779 1693 871 1738 naves
896 1694 933 1737 ex
954 1681 1042 1752 portu
1063 1676 1176 1751 educit,
1204 1681 1235 1733 et

154 1793 219 1837 cnm
240 1777 299 1836 iam
321 1779 431 1838 nostris
453 1778 618 1838 remissiore
633 1785 722 1840 vento
738 1779 1012 1855 adpropinquasset,
1034 1778 1112 1837 idem
1133 1782 1235 1836 auster

154 1879 302 1938 increbuit
327 1881 495 1954 nostrisque
520 1881 669 1955 praesidio
697 1881 762 1940 fuit.
807 1881 909 1954 Neque
938 1898 1009 1941 vero
1037 1881 1090 1940 ille
1112 1882 1148 1939 ob
1170 1895 1235 1938 eam
1256 1883 1271 1932 3

155 1997 273 2040 causam
295 1987 402 2041 conatu
416 1982 584 2058 desistebat,
607 1982 658 2042 sed
679 1984 781 2042 labore
795 1987 825 2042 et
838 1983 1063 2057 perseverantia
1073 1985 1234 2058 ¹rrsoutanum

156 2083 247 2142 etiam
266 2084 327 2142 vim
349 2085 533 2158 tempestatis
548 2083 682 2158 superari
704 2100 789 2158 posse
804 2085 944 2158 sperabat
958 2089 1236 2158 praetervectosque

157 2183 355 2258 Dyrrachium
377 2202 486 2260 magna
499 2185 529 2246 vi
546 2185 627 2246 venti
642 2186 733 2246 nihilo
749 2187 841 2245 setius
857 2187 1041 2259 sequebatur.
1072 2185 1176 2245 Nostri
1191 2184 1238 2244 usi
1259 2189 1274 2238 4

156 2287 294 2346 fortunae
321 2287 462 2347 beneficio
490 2295 590 2348 tamen
618 2289 760 2364 impetum
789 2289 893 2348 classis
918 2289 1077 2363 timebant,
1107 2286 1132 2345 si
1159 2287 1263 2345 forte·

157 2396 264 2448 ventus
286 2391 456 2468 remisisset,
480 2395 509 2451 et
525 2392 604 2451 nacti
625 2397 751 2468 portum,
775 2392 826 2465 qni
841 2391 1011 2466 appellatur
1024 2390 1237 2466 Nymphaeum,

158 2491 240 2550 ultra
260 2492 378 2551 Lissum
400 2493 483 2552 milia
510 2511 649 2568 passuum
670 2513 716 2568 111,
745 2509 779 2552 eo
805 2510 897 2554 naves
924 2493 1155 2552 introduxerunt
1176 2492 1239 2565 (qui

159 2597 263 2666 portus
285 2595 322 2652 ab
337 2595 440 2652 Africo
462 2596 629 2670 tegebatur,
652 2597 689 2653 ab
705 2600 807 2653 austro
821 2611 880 2653 nou
893 2601 961 2653 erat
975 2594 1071 2668 tutus)
1086 2595 1239 2666 leviusque

159 2695 343 2769 tempestatis
366 2711 453 2767 quam
475 2695 578 2755 classis
599 2697 764 2771 perieulum
786 2696 1025 2757 aestimaverunt.
1069 2695 1132 2767 Quo
1154 2695 1242 2754 simul
1262 2699 1277 2748 t

160 2802 249 2869 atque
262 2797 343 2856 intro
359 2797 502 2873 astitum,
517 2798 685 2858 incredibili
699 2798 845 2858 felicitate
860 2802 967 2874 auster,
988 2797 1038 2872 qui
1051 2814 1106 2872 per
1119 2797 1240 2857 biduum

159 2897 298 2975 flaverat,
321 2901 353 2959 iu
374 2899 508 2960 Africum
530 2917 561 2960 se
583 2902 685 2962 vertit

245 2993 301 3063 27.
323 3001 382 3060 Hic
410 3003 539 3061 subitam
567 3005 820 3063 commutationem
847 3003 985 3062 fortunae
1013 3003 1115 3062 videre
1140 3002 1240 3062 licuit:

164 3103 214 3175 qni
235 3101 319 3160 modo
341 3103 398 3160 sibi
420 3103 590 3179 timuerent,
612 3104 666 3162 bos
687 3104 852 3164 tutissimus
874 3110 978 3177 portus
993 3104 1167 3179 recipiebat;
1190 3104 1242 3177 qui

161 3202 271 3262 nostris
293 3203 419 3264 navibus
440 3205 603 3280 pericnlum
618 3205 791 3280 intulerant,
814 3205 850 3263 de
865 3221 917 3263 suo
932 3206 1037 3264 timere
1052 3207 1241 3279 cogebantur.

162 3305 267 3378 Itaque
288 3311 418 3380 tempore
440 3313 617 3367 commutato
639 3311 798 3381 tempestas
820 3313 851 3366 et
870 3310 985 3365 nostros
1006 3305 1080 3366 texit
1101 3311 1130 3365 et
1151 3310 1278 3366 navest

161 3407 293 3466 Rhodias
309 3407 429 3484 addixit,
453 3409 497 3468 ita
519 3415 555 3469 ut
576 3410 716 3476 adunam
732 3425 838 3485 omnes,
861 3413 1030 3468 constratae
1044 3424 1165 3467 numero
1180 3425 1241 3483 xvr,

163 3509 346 3568 eliderentur
367 3516 398 3570 et
420 3512 577 3585 naufragio
603 3511 763 3571 interirent
784 3517 815 3570 et
837 3528 874 3571 ex
888 3527 995 3585 magno
1010 3511 1154 3584 remigum
1176 3527 1243 3586 pro-

162 3615 417 3685 pugnatorumque
439 3628 560 3672 numero
581 3631 652 3688 pars
673 3613 712 3672 ad
734 3614 867 3687 scopulos
898 3612 994 3672 adlisa
1021 3611 1242 3675 interficeretur,

163 3731 234 3788 pars
255 3716 293 3773 ab
315 3715 427 3774 nostris
448 3715 670 3791 detraheretur3
698 3732 770 3789 quos
796 3731 894 3774 omnes
923 3720 1111 3774 conservatos
1134 3714 1244 3774 Caesar

165 3814 280 3874 domum
301 3817 424 3877 remisit.

249 3910 306 3981 28.
329 3918 457 3979 Nostrae
479 3936 570 3980 naves
594 3918 668 3978 duae
689 3918 805 3978 tardius
820 3935 908 3979 cursu
923 3920 1054 3979 contecto
1076 3918 1108 3978 in
1130 3925 1244 3978 noctem
