2960 4500
247 269 288 327 ⁶22
625 269 678 322 DE
695 268 813 324 BELLO
833 268 947 324 OIVILI

208 501 212 506 .
247 445 343 506 locum
365 445 522 520 explerent,
544 448 577 503 ut
598 462 693 519 neque
714 445 842 504 subsidia
864 446 901 504 ab
923 444 1060 504 lateribus
1079 445 1210 520 submitti
1231 464 1326 522 noque

212 555 226 603 5
249 545 360 621 equites
373 545 571 606 laborantibus
586 546 652 605 usui
666 562 727 606 esse
749 552 874 622 possent
910 547 956 606 Ab
973 545 1079 623 oppido
1096 554 1193 608 autem
1208 547 1326 609 declivis

248 648 328 707 locus
341 647 399 708 leni
420 645 536 724 fastigio
551 649 691 724 vergebat
705 649 734 708 in
756 649 969 725 longitudinem
990 666 1093 726 passus
1115 650 1223 712 circiter
1244 669 1323 710 occo.

211 758 226 806 6
248 750 313 808 Hac
327 751 432 810 nostris
447 755 509 809 erat
522 755 662 826 receptus,
677 750 757 825 quod
771 769 805 810 eo
820 751 929 811 incitati
943 751 1037 811 studio
1053 751 1243 812 inconsultius
1257 771 1326 829 pro·

246 856 404 929 cesserant,
433 850 489 912 hoc
510 852 697 928 pugnabatur
717 853 780 912 loco
804 858 833 913 et
858 858 978 930 propter
1001 854 1153 931 angustias
1174 854 1273 930 iniquo
1296 859 1326 915 et

248 954 327 1028 quod
349 955 403 1013 sub
426 953 495 1030 ipsis
516 954 659 1015 radicibus
681 955 785 1015 montis
808 958 1009 1034 constiterant,
1031 962 1064 1017 ut
1086 958 1197 1017 nullum
1218 956 1326 1018 frustra

246 1057 335 1115 telum
356 1055 387 1114 in
410 1074 459 1116 ecs
482 1056 650 1118 mitteretur.
685 1057 797 1116 Tamen
819 1059 927 1118 virtute
949 1063 977 1118 et
998 1059 1138 1135 patientia
1160 1059 1327 1120 nitebantur

209 1168 223 1216 7
246 1162 334 1233 atque
356 1157 453 1217 omnia
467 1158 589 1218 vulnera
603 1159 791 1218 sustinebant.
826 1159 1016 1235 Augebantur
1037 1159 1091 1220 illis
1106 1161 1214 1238 copiae,
1237 1166 1326 1238 atquc

247 1278 283 1318 ex
299 1261 399 1320 castris
414 1259 546 1321 cohortes
561 1278 614 1336 per
628 1260 766 1337 oppidum
783 1261 882 1321 crebro
902 1261 1153 1340 submittebantnr,
1175 1268 1208 1323 ut
1221 1263 1326 1340 integri

210 1371 225 1420 8
247 1360 367 1421 defessis
388 1363 582 1424 succederent.
610 1362 676 1423 Hoc
689 1362 765 1422 idem
781 1361 887 1422 Caesar
908 1361 1003 1424 facere
1018 1364 1184 1442 cogebatur,
1205 1369 1238 1424 ut
1259 1366 1325 1426 sub·

246 1463 340 1523 missis
362 1466 394 1522 in
416 1465 540 1524 cundem
562 1466 658 1525 locum
681 1464 845 1526 cohortibus
867 1464 993 1526 defessos
1015 1467 1161 1544 reciperet.

331 1559 386 1628 46.
410 1568 475 1628 Hoc
490 1586 554 1627 cum
577 1573 652 1628 esset
665 1568 751 1628 modo
773 1574 937 1644 pugnatum
952 1569 1131 1629 continenter
1144 1569 1221 1630 horis
1242 1573 1325 1646 qnin-

246 1685 303 1742 que
333 1668 482 1744 nostrique
511 1669 627 1746 gravius
655 1686 673 1727 a
700 1670 885 1730 multitidine
910 1676 1123 1751 premerentur,
1149 1672 1325 1748 consumptis

248 1770 381 1830 omnibus
410 1771 473 1831 telis
504 1771 607 1848 gladiis
636 1771 775 1832 destrictis
805 1772 945 1849 impetum
972 1774 1109 1834 adversus
1138 1780 1265 1834 montem
1294 1775 1324 1833 in

248 1871 378 1934 cohortes
391 1872 502 1934 faciunt
516 1876 676 1950 paucisque
690 1875 804 1936 deiectis
815 1876 939 1952 reliquos
953 1894 1014 1936 sese
1029 1883 1194 1938 convertere
1205 1884 1323 1956 cogunt.

208 1985 222 2037 2
246 1974 395 2036 Submotis
417 1977 472 2036 sub
494 1996 609 2037 murum
632 1977 797 2038 cohortibus
812 1996 846 2038 ac
867 1997 926 2038 non
942 1979 1050 2038 nullam
1073 1985 1184 2056 partem
1207 1987 1325 2058 propter

246 2082 383 2139 terrorem
407 2079 436 2138 in
453 2079 592 2156 oppidum
607 2081 762 2158 compulsis
783 2080 874 2142 facilis
889 2087 933 2141 est
951 2084 1057 2142 nostris
1078 2087 1209 2158 receptus
1230 2084 1323 2145 datus.

208 2181 399 2256 3Equitatus
422 2187 518 2241 autem
547 2188 644 2243 noster
670 2185 708 2243 ab
736 2188 860 2258 utroque
889 2185 991 2261 latere,
1019 2184 1072 2244 etsi
1100 2185 1214 2246 deiectis
1235 2192 1324 2262 atque

245 2281 429 2343 inferioribus
456 2284 524 2344 locis
554 2285 734 2361 constiterat,
767 2290 864 2345 tamen
892 2304 1006 2345 summa
1031 2285 1060 2344 in
1088 2287 1189 2363 iugum
1218 2288 1324 2349 virtute

246 2385 379 2445 conititur
406 2391 494 2462 atque
521 2389 598 2448 inter
621 2389 693 2447 duas
721 2389 797 2447 acies
825 2387 1009 2463 perequitans
1035 2389 1259 2450 commodiorem
1289 2410 1324 2453 ac

210 2499 225 2548 4
247 2487 381 2548 artiorem
403 2490 507 2549 nostris
529 2495 676 2568 receptum
705 2489 762 2549 dat.
808 2489 854 2549 lta
875 2491 956 2549 vario
985 2490 1139 2551 certamine
1159 2499 1322 2568 pugnatum

247 2595 298 2650 est.
340 2593 441 2652 Nostri
463 2593 493 2652 in
519 2595 614 2669 primo
637 2610 792 2668 congressu
815 2592 924 2654 circiter
944 2611 1001 2652 nxx
1023 2593 1200 2671 ceciderunt,
1227 2595 1257 2654 in
1279 2595 1323 2656 his

246 2691 281 2766 Q.
296 2694 446 2771 Fulginius
461 2697 606 2770 exprimo
621 2694 734 2754 hastato
750 2695 870 2770 legionis
885 2715 967 2772 xrm,
988 2699 1040 2771 qni
1055 2702 1173 2773 propter
1187 2697 1321 2758 eximiam

245 2795 379 2856 virtutem
407 2814 443 2855 ex
471 2795 654 2855 inferioribus
688 2795 836 2854 ordinibus
861 2797 892 2854 in
921 2814 986 2856 eum
1014 2797 1109 2856 locum
1135 2805 1320 2878 pervenerat,

208 2907 223 2955 5
244 2898 433 2956 vulnerantur
447 2897 571 2973 amplius
586 2915 634 2955 oc.
657 2897 702 2955 Ex
716 2895 882 2957 Afranianis
896 2896 1107 2959 interficiuntur
1121 2901 1158 2959 T.
1175 2899 1321 2979 Caecilius,

243 2999 330 3076 primi
352 2999 402 3075 pili
425 2999 566 3075 centurio,
588 3003 617 3058 et
637 3004 751 3076 praeter
773 3017 839 3060 eum
862 3001 1042 3062 centuriones
1064 3021 1117 3080 rm,
1139 3003 1242 3063 milites
1263 3021 1321 3063 am·

244 3100 320 3175 plius
343 3119 386 3160 oo.

328 3199 386 3267 47.
410 3203 466 3263 Sed
488 3203 560 3264 haec
581 3205 642 3266 eius
664 3206 720 3267 diei
740 3205 957 3283 praeferebatur
972 3207 1079 3284 opinio,
1101 3212 1134 3267 ut
1155 3227 1186 3268 se
1207 3209 1322 3282 utrique

207 3315 221 3364 2
245 3306 405 3382 superiores
431 3307 591 3368 discessisse
617 3309 825 3369 existimarent:
852 3307 1018 3382 Afraniani,
1046 3308 1139 3383 quod,
1168 3327 1232 3369 cnm
1259 3327 1322 3370 esso

246 3409 374 3469 omnium
389 3409 493 3470 iudicio
508 3409 658 3470 inferiores
674 3411 849 3486 viderentur,
865 3409 1024 3470 comminus
1039 3413 1099 3468 tam
1113 3410 1163 3470 diu
1178 3411 1321 3473 stetissent

245 3516 274 3571 et
288 3517 451 3571 nostrorum
464 3512 604 3589 impetum
627 3512 828 3572 sustinuissent
844 3516 872 3572 et
886 3512 923 3571 ab
945 3511 1025 3571 initio
1047 3513 1143 3572 locum
1165 3516 1321 3574 tumulum-

245 3631 301 3688 que
322 3615 494 3691 tenuissent,
522 3632 597 3689 quae
619 3633 706 3674 causa
727 3615 877 3690 pugnandi
897 3613 1006 3688 lucrat,
1035 3619 1064 3675 et
1091 3621 1204 3676 nostros
1226 3619 1320 3693 primo

185 3724 222 3774 ‘3
245 3733 399 3792 congressu
421 3721 503 3792 terga
524 3721 635 3776 vertere
662 3716 836 3794 coegissent3
865 3717 955 3777 nostri
980 3721 1092 3792 autem,
1121 3719 1199 3794 quod
1220 3719 1320 3794 iniquo

242 3819 305 3878 loco
334 3823 421 3893 atque
449 3819 552 3894 impari
585 3819 730 3895 congressi
763 3837 882 3878 numero
911 3819 1039 3895 quinque
1071 3819 1148 3880 horis
1178 3821 1321 3898 proelium

240 3921 456 3998 sustinuissent,
479 3921 558 3996 quod
580 3926 707 3982 montem
731 3921 832 3998 gladiis
854 3922 992 3983 destrictis
1015 3922 1218 4001 ascendissent,
1242 3926 1321 4000 quod
