2964 4506
214 219 252 276 72
581 221 633 278 Du
651 222 768 279 BELLO
786 223 899 282 elvini

213 391 261 468 [de
283 411 354 468 pace
376 394 445 472 duo]
467 396 584 471 legatos
613 399 746 476 mittere,
775 402 851 475 quod
878 403 966 461 etiam
993 402 1133 476 fugitivis
1155 405 1192 462 ab
1214 403 1295 462 saltu

213 495 369 570 Pyrenaeo
390 499 646 574 praedonibusque
667 500 804 579 licuisset,
826 505 1003 579 praesertim
1022 521 1087 563 cum
1108 505 1140 564 id
1161 511 1294 582 agerent

174 605 248 657 ene
277 601 356 660 cives
391 617 456 660 cum
484 602 599 662 civibus
627 605 717 664 armis
750 606 947 666 decertarent.
986 607 1091 667 'Multo
1120 607 1297 682 suppliciter

211 702 328 762 locutus
350 707 402 778 est,
424 710 459 763 ut
480 705 516 764 de
531 722 586 766 sua
600 713 690 780 atque
704 709 833 768 omnium
848 711 946 770 salute
962 711 1096 786 debebat,
1119 710 1294 783 silentioque

214 805 251 863 ab
273 806 407 879 utrisque
429 807 571 867 militibus
596 809 724 870 auditus.
761 811 945 886 Responsum
961 818 1008 871 est
1030 814 1067 872 ab
1090 813 1187 872 sltera
1207 818 1293 886 parte

212 905 248 966 A.
270 906 435 967 Varronem
461 911 596 983 profiteri
618 928 649 970 se
672 913 767 971 ultero
791 912 839 972 die
866 914 904 972 ab
932 915 1117 988 conloquium
1139 917 1295 974 venturum

214 1016 303 1083 atque
325 1027 384 1070 nna
405 1013 546 1088 visurum,
562 1028 647 1086 quem
662 1013 701 1073 acl
715 1015 831 1074 modum
852 1019 916 1075 tuto
934 1016 1027 1091 legati
1040 1017 1145 1076 venire
1167 1022 1199 1075 et
1221 1032 1295 1090 quae

214 1113 327 1174 vellent
341 1129 487 1188 exponere
508 1119 634 1191 possent,
657 1120 825 1190 certumque
847 1117 875 1176 ei
897 1118 941 1176 rei
956 1123 1071 1192 tempus
1094 1118 1295 1178 constituitur.

175 1221 192 1271 l
212 1215 275 1288 Quo
298 1233 363 1276 cum
385 1223 464 1276 esset
484 1221 600 1292 postero
623 1217 670 1277 die
685 1223 814 1295 ventum,
836 1237 946 1294 magne
967 1221 1115 1294 utrimque
1136 1220 1294 1280 multitudo

213 1320 363 1394 convenit,
394 1337 560 1394 magnaque
586 1325 652 1380 erat
673 1322 856 1396 exspectatio
878 1323 942 1382 eius
967 1323 1026 1398 rei,
1057 1328 1146 1396 atque
1168 1323 1296 1382 omnium

178 1424 305 1481 eanimi
333 1423 442 1482 intenti
471 1439 534 1482 esse
556 1423 594 1482 ed
614 1440 716 1498 pacem
744 1423 930 1484 videbantur.
975 1425 1041 1497 Qua
1068 1442 1106 1484 cx
1127 1425 1296 1499 frequentia

214 1523 248 1584 Τ.
279 1525 428 1584 Labienus
464 1526 564 1600 prodit
598 1531 628 1585 et
656 1526 867 1601 superbissima
896 1528 1031 1587 oratione
1053 1529 1135 1602 loqui
1162 1528 1198 1586 de
1223 1542 1296 1602 pace

153 1633 191 1684 ‚o
212 1632 302 1700 atque
317 1627 459 1686 altercari
475 1644 540 1687 oum
555 1628 676 1688 Vatinio
699 1629 810 1704 incipit
847 1629 977 1701 Quorum
992 1630 1118 1689 mediam
1132 1631 1295 1689 orationem

213 1731 435 1805 interrumpunt
456 1731 554 1790 subito
576 1731 705 1805 undique
727 1732 790 1791 tela
816 1731 962 1806 immissa;
993 1747 1067 1806 quae
1088 1733 1141 1790 ille
1161 1734 1296 1791 obtectus

213 1834 304 1892 armis
332 1833 460 1892 militnm
488 1833 611 1907 vitavit;
638 1835 837 1894 vulnerantur
864 1841 964 1894 tamen
990 1817 1168 1910 complures,
1195 1835 1228 1892 in
1248 1834 1297 1892 his

214 1917 369 1996 cerrenus
386 1935 506 2011 cuum,
528 1935 562 1996 ι.
579 1936 700 2012 Plotius,
723 1936 762 1997 ι.
778 1936 942 2012 uiuamus,
966 1937 1152 1995 esemona
1172 1936 1296 1994 mmccc-

174 2043 190 2094 t
213 2055 269 2112 que
291 2057 349 2098 non
370 2039 455 2099 nulli.
492 2038 568 2099 Tum
582 2040 747 2100 Labienus:
771 2037 914 2098 ‘Desinite
936 2055 1007 2112 ergo
1029 2038 1066 2097 de
1088 2038 1296 2112 compositione

212 2141 307 2215 loqui;
323 2157 392 2200 uam
406 2142 491 2199 uobis
502 2143 561 2201 nisi
573 2141 709 2202 Caesaris
720 2143 818 2216 capite
829 2143 925 2202 relato
935 2159 995 2217 pax
1010 2157 1074 2200 esse
1083 2141 1169 2200 nulla
1179 2129 1295 2214 potest.'

230 2234 252 2288 ἶ
297 2235 354 2305 20.
377 2243 474 2302 Isdem
503 2245 684 2318 temporibus
717 2243 755 2303 Μ.
785 2243 903 2304 Caelius
931 2244 1030 2304 Ruius
1057 2249 1179 2318 praetor
1206 2257 1296 2300 causa

213 2345 379 2404 debitorum
411 2351 549 2420 suscepta
579 2347 667 2405 initio
699 2347 893 2420 magistratus
929 2347 1064 2406 tribunal
1095 2362 1180 2406 suum
1212 2345 1296 2404 iuxta

214 2446 244 2507 0.
273 2447 429 2524 Trebonil,
457 2449 606 2524 praetoris
632 2449 753 2525 urbani,
783 2449 886 2509 sellam
915 2450 1081 2510 conlocavit
1110 2452 1152 2524 et,
1182 2449 1208 2506 si
1229 2447 1296 2521 quis

214 2551 426 2625 appellavisset
458 2552 494 2610 (le
527 2553 730 2612 aestimatione
762 2558 794 2611 et
826 2553 862 2612 de
894 2552 1103 2627 solutionibus,
1137 2564 1211 2626 quae
1242 2565 1297 2625 per

215 2655 361 2713 arbitrum
393 2655 513 2731 fierent,
547 2661 582 2714 ιι
610 2649 720 2715 caesar
746 2671 888 2729 praeseus
920 2655 1130 2728 constituerat,
1164 2653 1228 2711 fore
1262 2667 1295 2710 se

176 2763 191 2814 ι
212 2757 324 2815 auxilio
346 2757 550 2830 pollicebatur.
580 2756 638 2816 Sed
652 2757 742 2814 fiebat
756 2757 902 2828 aequitate
931 2755 1043 2813 decreti
1058 2760 1090 2812 et
1110 2753 1296 2811 humanitate

215 2857 363 2931 Trebonii,
386 2859 437 2930 qui
451 2859 489 2916 iis
504 2857 682 2931 temporibus
696 2857 854 2915 clementer
869 2861 900 2914 et
915 2854 1064 2912 moderate
1080 2855 1126 2912 ius
1141 2852 1295 2911 &cendum

215 2958 411 3034 existimabat,
435 2964 470 3018 ut
483 2958 611 3032 reperiri
625 2974 682 3017 non
697 2961 822 3033 possent,
837 2975 857 3017 a
871 2957 977 3031 quibus
991 2956 1110 3016 initium
1126 2954 1296 3031 appellandi

177 3069 192 3118 ι
213 3066 393 3121 nasceretur.
429 3049 505 3121 Nam
526 3061 652 3120 fortasse
667 3059 796 3134 inopiam
818 3074 960 3120 excusare
974 3065 1005 3118 et
1019 3059 1220 3118 calamitatem
1243 3064 1296 3116 ιιι

150 3206 152 3211 -
214 3164 365 3238 propriam
386 3179 470 3223 suam
491 3167 543 3224 aut
564 3169 727 3237 temporum
749 3163 834 3236 queri
848 3169 880 3222 et
898 3163 1091 3222 difficultates
1107 3161 1296 3221 auctionandi

213 3281 378 3341 proponere
411 3266 501 3326 etiam
528 3265 682 3324 mediocris
711 3270 758 3324 est
790 3265 893 3339 anlmi;
926 3265 1061 3338 integras
1089 3279 1161 3323 vero
1194 3267 1296 3321 tenere

214 3368 411 3442 possessiones
446 3367 497 3442 qui
525 3383 556 3426 se
582 3367 688 3426 debere
718 3367 884 3442 fateantur,
914 3366 998 3425 cuius
1025 3365 1116 3424 enimi
1138 3369 1192 3424 aut
1213 3363 1296 3422 ouius

177 3477 194 3528 4
213 3470 413 3545 impudentiae
438 3471 496 3529 cst!
530 3469 634 3542 Itaque
655 3469 711 3527 hoo
731 3469 782 3542 qni
797 3469 960 3543 postularet
982 3468 1190 3542 reperiebatur
1203 3481 1295 3540 nemo,

216 3578 305 3646 atquc
326 3573 408 3648 ipsis,
431 3572 469 3630 ad
491 3587 614 3645 quorum
636 3571 815 3631 commodum
833 3571 1011 3646 pertinebat,
1034 3568 1137 3629 durior
1158 3569 1296 3628 inventus

216 3681 263 3734 est
284 3674 410 3734 Caelius.
453 3674 493 3734 ut
515 3675 551 3733 ab
573 3674 629 3733 hoc
650 3674 802 3749 proiectus
824 3674 923 3749 initio,
950 3688 987 3732 ne
1008 3673 1124 3731 frustra
1144 3671 1296 3743 ingressus

216 3785 333 3852 turpem
355 3792 474 3836 causam
495 3777 662 3852 videretur,
691 3776 788 3851 legem
809 3775 1023 3850 promulgavit,
1052 3777 1085 3832 ιι
1106 3772 1227 3844 sexenni
1249 3770 1296 3830 die

214 3881 281 3940 sine
303 3879 401 3940 usuris
420 3880 551 3940 creditae
572 3880 713 3955 pecuniae
735 3880 930 3940 solverentur.
