2964 4506
654 229 675 284 Ι.
694 232 803 284 ait-87.
1230 225 1270 285 39

276 399 337 470 86.
361 406 395 465 ld
416 423 485 465 vcro
507 405 646 464 militibus
666 402 722 463 fuit
743 409 910 480 pergratum
932 407 961 462 st
982 403 1156 477 iucundum,
1179 406 1212 462 ut
1234 419 1270 462 ex

191 509 256 584 ipsa
277 507 493 584 significatione
516 507 649 583 cognosci
670 505 777 582 potuit,
803 511 848 582 ut,
874 507 926 581 qui
947 505 1055 580 aliquid
1076 504 1143 565 iusti
1163 504 1268 564 incom-

193 610 272 670 modi
295 610 550 687 exspectarissent,
576 610 651 670 ultro
677 607 837 685 praemium
865 607 1007 667 missionis
1033 606 1149 667 ferrent.
1193 608 1270 665 Nam
1296 617 1310 668 2

192 729 260 772 cum
282 711 319 772 de
341 713 404 772 loco
426 716 456 772 et
477 712 513 772 de
534 716 664 788 tempore
686 711 746 772 eius
777 710 818 770 rei
840 709 1032 771 controversia
1054 707 1220 786 inferretur,
1243 714 1271 769 et

197 831 268 873 voce
289 817 319 873 et
339 813 473 873 manibus
495 811 621 872 universi
642 830 679 872 ex
700 812 792 887 vallo,
817 811 868 871 ubi
890 810 1087 886 constiterant,
1108 809 1271 886 significare

193 919 360 992 coeperunt,
383 914 526 975 utstatim
549 914 771 991 dimitterentur3
795 931 890 988 neque
913 913 989 972 enim
1004 912 1082 972 omni
1103 912 1271 989 interposita

193 1016 253 1077 fide
276 1016 395 1076 fumum
419 1035 481 1077 esse
501 1034 595 1094 posse,
617 1016 641 1076 si
662 1016 690 1074 in
714 1015 792 1074 aliud
814 1019 928 1091 tempus
950 1013 1122 1075 differretur.
1167 1013 1270 1074 Paucis
1293 1027 1309 1075 3

196 1138 261 1179 cum
283 1124 358 1180 esset
379 1120 409 1178 in
432 1123 716 1196 utramquepartem
739 1118 834 1178 verbis
860 1117 1051 1194 disputatum,
1080 1134 1125 1177 res
1146 1116 1203 1176 huc
1224 1115 1271 1175 de·

192 1220 321 1298 ducitur,
354 1225 387 1281 ut
414 1221 450 1298 ii,
484 1221 534 1297 qui
561 1221 688 1281 habeant
716 1219 891 1280 domicilium
921 1224 972 1279 aut
1000 1218 1209 1296 possessionem
1241 1218 1270 1276 in

196 1322 345 1399 Hispania,
367 1322 472 1399 statim,
494 1323 596 1398 reliqui
617 1322 655 1382 ad
669 1323 780 1382 Vanam
794 1320 905 1382 flumen
927 1320 1120 1398 dimittantur,
1143 1320 1272 1396 nequid

196 1424 231 1484 iis
252 1430 391 1486 noceatur
418 1442 476 1484 neu
502 1424 567 1501 quis
595 1425 702 1484 invitus
730 1429 943 1484 sacramentum
966 1423 1059 1484 dicere
1087 1428 1223 1499 cogatur,
1255 1441 1273 1482 a

197 1525 319 1586 Caesare
342 1531 467 1586 cavetur.

277 1625 335 1692 87·
359 1627 514 1688 (lassaron
530 1646 564 1690 eo
580 1632 716 1706 tempore,
738 1628 807 1687 dum
823 1626 860 1685 ad
877 1625 989 1687 flumen
1004 1627 1114 1686 Varum
1129 1626 1269 1706 veniatur,

192 1747 225 1790 se
245 1728 423 1789 frumentum
437 1730 572 1790 daturum
588 1729 747 1805 pollicetur.
780 1728 869 1788 Addit
883 1729 978 1806 etiam,
1000 1733 1042 1804 ut,
1058 1727 1136 1803 qnod
1150 1728 1273 1804 quisque

193 1849 292 1891 eorum
314 1831 344 1889 in
366 1831 441 1891 bello
465 1831 605 1908 amiserit,
633 1849 709 1906 quae
730 1831 788 1890 sint
808 1848 896 1907 penes
917 1830 1020 1891 milites
1041 1847 1124 1908 suos,
1145 1829 1193 1907 iis,
1215 1829 1266 1906 qui

67 1947 70 1952 ·
193 1933 351 2009 amiserint,
373 1933 552 2010 restituatur;
580 1932 719 1993 militibus
741 1951 835 2008 aequa
862 1932 940 1993 facta
965 1933 1162 1993 aestimatione
1183 1951 1268 2009 pecu-

194 2035 272 2094 niam
293 2053 347 2111 pro
368 2034 412 2094 his
434 2036 521 2095 rebus
543 2035 680 2095 dissolvit.
718 2034 921 2110 Quascumque
943 2040 1045 2112 postea
1066 2034 1273 2094 controversias
1295 2044 1309 2093 2

192 2136 268 2197 inter
289 2155 320 2197 se
343 2137 447 2197 milites
470 2137 641 2214 habuerunt,
663 2154 716 2196 sua
736 2141 840 2214 sponte
855 2137 892 2197 ad
908 2137 1058 2198 Caesarem
1080 2137 1110 2195 in
1132 2135 1177 2196 ius
1199 2137 1273 2197 adie-

187 2244 266 2300 runt.
318 2239 448 2300 Petreius
477 2243 565 2315 atque
592 2238 729 2300 Afranius
757 2257 823 2300 cum
850 2239 1023 2316 stipendium
1052 2240 1090 2298 ab
1111 2239 1309 2316 legionibuse

189 2359 282 2416 paene
312 2342 452 2402 seditione
490 2341 568 2402 facta
601 2341 818 2418 flagitarentur,
850 2343 931 2403 cuius
962 2342 1003 2400 illi
1034 2341 1109 2401 diem
1141 2341 1271 2401 nondum

188 2444 299 2504 vennae
321 2445 463 2522 dicerent,
487 2443 600 2504 Caesar
622 2449 656 2505 ut
677 2450 874 2520 cognosceret,
902 2445 1079 2520 postulatum
1101 2447 1156 2520 est,
1178 2460 1272 2518 eoque

187 2541 319 2617 utrique,
347 2542 427 2615 quod
455 2541 576 2616 statuit,
610 2541 736 2601 contenti
768 2540 895 2602 fuerunt
938 2542 1024 2600 Parte
1051 2541 1160 2602 orcita
1186 2541 1307 2602 tertiat

187 2641 330 2702 exercitus
350 2659 384 2701 eo
398 2641 487 2702 biduo
503 2642 620 2702 dimbsa
633 2641 706 2702 duas
719 2642 847 2718 legiones
861 2659 929 2702 snas
942 2642 1122 2719 antecedere,
1143 2641 1268 2718 reliquas

184 2741 323 2818 subsequi
353 2742 450 2822 iussit,
480 2749 513 2803 ut
540 2759 599 2804 non
626 2745 714 2820 longo
742 2744 816 2803 inter
837 2763 869 2804 so
894 2743 988 2819 spatio
1018 2748 1111 2804 castra
1132 2741 1269 2822 iacerent,

184 2845 270 2921 eique
291 2847 408 2923 negotio
432 2844 469 2920 Q.
492 2844 609 2905 Fufium
632 2845 771 2907 Calenum
793 2847 920 2923 legatum
942 2845 1088 2923 praefecit.
1121 2848 1186 2908 Hoc
1207 2847 1269 2908 eius
1291 2857 1306 2906 5

183 2948 360 3024 praescripto
387 2966 423 3007 ex
439 2947 581 3024 Hispania
602 2949 639 3007 ad
654 2949 763 3008 Varum
785 2947 894 3009 flumen
915 2954 958 3010 est
972 2949 1026 3010 iter
1046 2947 1165 3020 iactum,
1180 2954 1269 3025 atque

184 3048 226 3108 ibi
251 3048 363 3124 reliqua
384 3067 451 3125 pars
473 3048 613 3109 exercitus
635 3049 752 3109 dimissa
773 3054 825 3110 est.
