<?xml version="1.0" encoding="UTF-8"?>
<!DOCTYPE html PUBLIC "-//W3C//DTD XHTML 1.0 Transitional//EN"
    "http://www.w3.org/TR/xhtml1/DTD/xhtml1-transitional.dtd">
<html xmlns="http://www.w3.org/1999/xhtml" xml:lang="en" lang="en">
 <head>
  <title>
</title>
<meta http-equiv="Content-Type" content="text/html;charset=utf-8" />
  <meta name='ocr-system' content='tesseract 3.04.00' />
  <meta name='ocr-capabilities' content='ocr_page ocr_carea ocr_par ocr_line ocrx_word'/>
</head>
<body>
  <div class='ocr_page' id='page_1' title='image "./ciuliicaesarisd00meusgoog_0085.png"; bbox 0 0 2964 4506; ppageno 0'>
   <div class='ocr_carea' id='block_1_1' title="bbox 619 251 1236 310">
    <p class='ocr_par' dir='ltr' id='par_1_1' title="bbox 619 251 1236 310">
     <span class='ocr_line' id='line_1_1' title="bbox 619 251 1236 310; baseline 0.002 -2"><span class='ocrx_word' id='word_1_1' title='bbox 619 253 669 308; x_wconf 89' lang='lat'>111.</span> <span class='ocrx_word' id='word_1_2' title='bbox 688 257 798 307; x_wconf 81' lang='lat'>32-36.</span> <span class='ocrx_word' id='word_1_3' title='bbox 1198 251 1236 310; x_wconf 83' lang='lat'>79</span> 
     </span>
    </p>
   </div>
   <div class='ocr_carea' id='block_1_2' title="bbox 158 428 1321 3972">
    <p class='ocr_par' dir='ltr' id='par_1_2' title="bbox 158 428 1279 1432">
     <span class='ocr_line' id='line_1_2' title="bbox 158 428 1236 506; baseline -0.006 -15"><span class='ocrx_word' id='word_1_4' title='bbox 158 433 246 491; x_wconf 90' lang='lat' dir='ltr'>misso</span> <span class='ocrx_word' id='word_1_5' title='bbox 261 431 472 506; x_wconf 77' lang='lat' dir='ltr'><strong>pollicerentur</strong></span> <span class='ocrx_word' id='word_1_6' title='bbox 494 447 594 489; x_wconf 91' lang='lat' dir='ltr'>earnm</span> <span class='ocrx_word' id='word_1_7' title='bbox 617 430 751 504; x_wconf 82' lang='lat' dir='ltr'>gentium</span> <span class='ocrx_word' id='word_1_8' title='bbox 774 429 913 488; x_wconf 87' lang='lat' dir='ltr'>civitates</span> <span class='ocrx_word' id='word_1_9' title='bbox 928 428 1075 502; x_wconf 86' lang='lat' dir='ltr'>imperata</span> <span class='ocrx_word' id='word_1_10' title='bbox 1095 428 1236 502; x_wconf 82' lang='lat' dir='ltr'>facturas,</span> 
     </span>
     <span class='ocr_line' id='line_1_3' title="bbox 159 529 1239 606; baseline -0.006 -13"><span class='ocrx_word' id='word_1_11' title='bbox 159 535 193 593; x_wconf 91' lang='lat' dir='ltr'>L.</span> <span class='ocrx_word' id='word_1_12' title='bbox 210 533 342 592; x_wconf 82' lang='lat' dir='ltr'>Cassium</span> <span class='ocrx_word' id='word_1_13' title='bbox 358 532 525 606; x_wconf 81' lang='lat' dir='ltr'>Longinum</span> <span class='ocrx_word' id='word_1_14' title='bbox 546 547 610 590; x_wconf 91' lang='lat' dir='ltr'>cum</span> <span class='ocrx_word' id='word_1_15' title='bbox 632 533 751 605; x_wconf 81' lang='lat' dir='ltr'>legione</span> <span class='ocrx_word' id='word_1_16' title='bbox 773 533 909 604; x_wconf 88' lang='lat' dir='ltr'>tironum,</span> <span class='ocrx_word' id='word_1_17' title='bbox 934 545 1008 602; x_wconf 89' lang='lat' dir='ltr'>quac</span> <span class='ocrx_word' id='word_1_18' title='bbox 1031 529 1239 603; x_wconf 81' lang='lat' dir='ltr'>appellabatur</span> 
     </span>
     <span class='ocr_line' id='line_1_4' title="bbox 159 631 1240 711; baseline -0.005 -16"><span class='ocrx_word' id='word_1_19' title='bbox 159 653 260 711; x_wconf 83' lang='lat' dir='ltr'>xxvn,</span> <span class='ocrx_word' id='word_1_20' title='bbox 285 641 373 710; x_wconf 90' lang='lat' dir='ltr'>atque</span> <span class='ocrx_word' id='word_1_21' title='bbox 396 635 544 709; x_wconf 89' lang='lat' dir='ltr'>equitibus</span> <span class='ocrx_word' id='word_1_22' title='bbox 560 651 593 694; x_wconf 92' lang='lat' dir='ltr'>oo</span> <span class='ocrx_word' id='word_1_23' title='bbox 614 635 647 693; x_wconf 92' lang='lat' dir='ltr'>in</span> <span class='ocrx_word' id='word_1_24' title='bbox 661 635 854 708; x_wconf 77' lang='lat' dir='ltr'>Thessaliam,</span> <span class='ocrx_word' id='word_1_25' title='bbox 877 633 907 692; x_wconf 81' lang='grc' dir='ltr'>Ο.</span> <span class='ocrx_word' id='word_1_26' title='bbox 923 631 1085 692; x_wconf 82' lang='lat' dir='ltr'>Calvisium</span> <span class='ocrx_word' id='word_1_27' title='bbox 1100 631 1240 692; x_wconf 85' lang='lat' dir='ltr'>Sabinum</span> 
     </span>
     <span class='ocr_line' id='line_1_5' title="bbox 160 734 1240 811; baseline -0.005 -14"><span class='ocrx_word' id='word_1_28' title='bbox 160 755 224 797; x_wconf 91' lang='lat' dir='ltr'>cum</span> <span class='ocrx_word' id='word_1_29' title='bbox 240 739 410 798; x_wconf 75' lang='lat' dir='ltr'><strong>cohortibus</strong></span> <span class='ocrx_word' id='word_1_30' title='bbox 425 754 445 797; x_wconf 89' lang='lat' dir='ltr'>v</span> <span class='ocrx_word' id='word_1_31' title='bbox 459 737 619 811; x_wconf 79' lang='lat' dir='ltr'>paucisque</span> <span class='ocrx_word' id='word_1_32' title='bbox 635 737 783 809; x_wconf 90' lang='lat' dir='ltr'>equitibus</span> <span class='ocrx_word' id='word_1_33' title='bbox 798 737 830 794; x_wconf 94' lang='lat' dir='ltr'>in</span> <span class='ocrx_word' id='word_1_34' title='bbox 840 735 989 795; x_wconf 86' lang='lat' dir='ltr'>Aetoliam</span> <span class='ocrx_word' id='word_1_35' title='bbox 1004 735 1099 808; x_wconf 90' lang='lat' dir='ltr'>misit;</span> <span class='ocrx_word' id='word_1_36' title='bbox 1115 734 1240 792; x_wconf 88' lang='lat' dir='ltr'>maxime</span> 
     </span>
     <span class='ocr_line' id='line_1_6' title="bbox 160 837 1241 917; baseline -0.006 -17"><span class='ocrx_word' id='word_1_37' title='bbox 160 858 224 917; x_wconf 86' lang='lat' dir='ltr'>cos,</span> <span class='ocrx_word' id='word_1_38' title='bbox 259 841 335 913; x_wconf 93' lang='lat' dir='ltr'>quod</span> <span class='ocrx_word' id='word_1_39' title='bbox 364 845 451 899; x_wconf 91' lang='lat' dir='ltr'>erant</span> <span class='ocrx_word' id='word_1_40' title='bbox 478 840 660 914; x_wconf 88' lang='lat' dir='ltr'>propinquae</span> <span class='ocrx_word' id='word_1_41' title='bbox 686 839 836 913; x_wconf 85' lang='lat' dir='ltr'>regiones,</span> <span class='ocrx_word' id='word_1_42' title='bbox 865 837 901 895; x_wconf 89' lang='lat' dir='ltr'>de</span> <span class='ocrx_word' id='word_1_43' title='bbox 927 853 960 895; x_wconf 88' lang='lat' dir='ltr'>re</span> <span class='ocrx_word' id='word_1_44' title='bbox 984 837 1181 895; x_wconf 76' lang='lat' dir='ltr'>frumentaria</span> <span class='ocrx_word' id='word_1_45' title='bbox 1209 839 1241 894; x_wconf 91' lang='lat' dir='ltr'>ut</span> 
     </span>
     <span class='ocr_line' id='line_1_7' title="bbox 161 939 1278 1019; baseline -0.007 -15"><span class='ocrx_word' id='word_1_46' title='bbox 161 944 361 1019; x_wconf 77' lang='lat' dir='ltr'>providerent,</span> <span class='ocrx_word' id='word_1_47' title='bbox 374 944 509 1002; x_wconf 89' lang='lat' dir='ltr'>hortatus</span> <span class='ocrx_word' id='word_1_48' title='bbox 521 948 574 1001; x_wconf 89' lang='lat' dir='ltr'>est.</span> <span class='ocrx_word' id='word_1_49' title='bbox 597 941 648 1002; x_wconf 80' lang='lat' dir='ltr'>On.</span> <span class='ocrx_word' id='word_1_50' title='bbox 660 941 820 1000; x_wconf 91' lang='lat' dir='ltr'>Domitium</span> <span class='ocrx_word' id='word_1_51' title='bbox 832 939 986 1000; x_wconf 80' lang='lat' dir='ltr'>Calvinum</span> <span class='ocrx_word' id='word_1_52' title='bbox 1001 955 1066 998; x_wconf 92' lang='lat' dir='ltr'>cum</span> <span class='ocrx_word' id='word_1_53' title='bbox 1076 939 1242 1013; x_wconf 76' lang='lat' dir='ltr'>legionibus</span> <span class='ocrx_word' id='word_1_54' title='bbox 1261 947 1278 996; x_wconf 72' lang='lat' dir='ltr'>a</span> 
     </span>
     <span class='ocr_line' id='line_1_8' title="bbox 161 1042 1241 1122; baseline -0.004 -17"><span class='ocrx_word' id='word_1_55' title='bbox 161 1047 287 1122; x_wconf 88' lang='lat' dir='ltr'>duabus,</span> <span class='ocrx_word' id='word_1_56' title='bbox 316 1063 357 1104; x_wconf 85' lang='lat' dir='ltr'>xr.</span> <span class='ocrx_word' id='word_1_57' title='bbox 385 1051 416 1105; x_wconf 85' lang='lat' dir='ltr'>ct</span> <span class='ocrx_word' id='word_1_58' title='bbox 442 1061 503 1120; x_wconf 79' lang='lat' dir='ltr'>xm,</span> <span class='ocrx_word' id='word_1_59' title='bbox 533 1050 564 1102; x_wconf 91' lang='lat' dir='ltr'>et</span> <span class='ocrx_word' id='word_1_60' title='bbox 592 1045 739 1118; x_wconf 87' lang='lat' dir='ltr'>equitibus</span> <span class='ocrx_word' id='word_1_61' title='bbox 760 1062 781 1102; x_wconf 93' lang='lat' dir='ltr'>n</span> <span class='ocrx_word' id='word_1_62' title='bbox 809 1044 841 1101; x_wconf 91' lang='lat' dir='ltr'>in</span> <span class='ocrx_word' id='word_1_63' title='bbox 870 1042 1071 1102; x_wconf 82' lang='lat' dir='ltr'>Macedoniam</span> <span class='ocrx_word' id='word_1_64' title='bbox 1095 1042 1241 1117; x_wconf 89' lang='lat' dir='ltr'>proficisci</span> 
     </span>
     <span class='ocr_line' id='line_1_9' title="bbox 162 1144 1279 1222; baseline -0.004 -15"><span class='ocrx_word' id='word_1_65' title='bbox 162 1149 263 1222; x_wconf 86' lang='lat' dir='ltr'>iussit;</span> <span class='ocrx_word' id='word_1_66' title='bbox 287 1149 370 1206; x_wconf 90' lang='lat' dir='ltr'>cuius</span> <span class='ocrx_word' id='word_1_67' title='bbox 391 1147 562 1222; x_wconf 89' lang='lat' dir='ltr'>provinciae</span> <span class='ocrx_word' id='word_1_68' title='bbox 585 1148 623 1206; x_wconf 91' lang='lat' dir='ltr'>ab</span> <span class='ocrx_word' id='word_1_69' title='bbox 645 1163 681 1205; x_wconf 89' lang='lat' dir='ltr'>ea</span> <span class='ocrx_word' id='word_1_70' title='bbox 702 1151 796 1220; x_wconf 87' lang='lat' dir='ltr'>purte,</span> <span class='ocrx_word' id='word_1_71' title='bbox 820 1162 895 1218; x_wconf 88' lang='lat' dir='ltr'>quae</span> <span class='ocrx_word' id='word_1_72' title='bbox 916 1146 1012 1204; x_wconf 90' lang='lat' dir='ltr'>libera</span> <span class='ocrx_word' id='word_1_73' title='bbox 1026 1144 1242 1219; x_wconf 85' lang='lat' dir='ltr'>appellabatur,</span> <span class='ocrx_word' id='word_1_74' title='bbox 1264 1151 1279 1201; x_wconf 82' lang='grc'><strong>4</strong></span> 
     </span>
     <span class='ocr_line' id='line_1_10' title="bbox 164 1246 1242 1326; baseline -0.006 -17"><span class='ocrx_word' id='word_1_75' title='bbox 164 1250 360 1326; x_wconf 85' lang='lat' dir='ltr'>Menedemus,</span> <span class='ocrx_word' id='word_1_76' title='bbox 382 1250 520 1324; x_wconf 87' lang='lat' dir='ltr'>princeps</span> <span class='ocrx_word' id='word_1_77' title='bbox 541 1266 643 1308; x_wconf 86' lang='lat' dir='ltr'>earum</span> <span class='ocrx_word' id='word_1_78' title='bbox 667 1249 828 1323; x_wconf 84' lang='lat' dir='ltr'>regionum,</span> <span class='ocrx_word' id='word_1_79' title='bbox 850 1247 956 1307; x_wconf 88' lang='lat' dir='ltr'>missus</span> <span class='ocrx_word' id='word_1_80' title='bbox 976 1247 1094 1320; x_wconf 78' lang='lat' dir='ltr'>legatus</span> <span class='ocrx_word' id='word_1_81' title='bbox 1115 1246 1242 1305; x_wconf 90' lang='lat' dir='ltr'>omnium</span> 
     </span>
     <span class='ocr_line' id='line_1_11' title="bbox 163 1350 829 1432; baseline -0.005 -21"><span class='ocrx_word' id='word_1_82' title='bbox 163 1368 282 1412; x_wconf 86' lang='lat' dir='ltr'>suorum</span> <span class='ocrx_word' id='word_1_83' title='bbox 305 1352 452 1432; x_wconf 86' lang='lat' dir='ltr'>excellens</span> <span class='ocrx_word' id='word_1_84' title='bbox 474 1350 603 1410; x_wconf 91' lang='lat' dir='ltr'>studium</span> <span class='ocrx_word' id='word_1_85' title='bbox 624 1351 829 1425; x_wconf 87' lang='lat' dir='ltr'>profitebatur.</span> 
     </span>
    </p>

    <p class='ocr_par' dir='ltr' id='par_1_3' title="bbox 161 1432 1279 2228">
     <span class='ocr_line' id='line_1_12' title="bbox 246 1432 1241 1528; baseline -0.006 -14"><span class='ocrx_word' id='word_1_86' title='bbox 246 1447 305 1518; x_wconf 79' lang='lat'>35.</span> <span class='ocrx_word' id='word_1_87' title='bbox 328 1454 375 1512; x_wconf 83' lang='lat' dir='ltr'>Ex</span> <span class='ocrx_word' id='word_1_88' title='bbox 390 1454 438 1513; x_wconf 90' lang='lat' dir='ltr'>his</span> <span class='ocrx_word' id='word_1_89' title='bbox 453 1453 601 1514; x_wconf 80' lang='lat' dir='ltr'>Calvisius</span> <span class='ocrx_word' id='word_1_90' title='bbox 621 1454 716 1528; x_wconf 87' lang='lat' dir='ltr'>primo</span> <span class='ocrx_word' id='word_1_91' title='bbox 738 1453 866 1512; x_wconf 86' lang='lat' dir='ltr'>adventu</span> <span class='ocrx_word' id='word_1_92' title='bbox 888 1432 1000 1509; x_wconf 87' lang='lat' dir='ltr'>summa</span> <span class='ocrx_word' id='word_1_93' title='bbox 1014 1451 1141 1510; x_wconf 91' lang='lat' dir='ltr'>omnium</span> <span class='ocrx_word' id='word_1_94' title='bbox 1155 1450 1241 1509; x_wconf 86' lang='lat' dir='ltr'>Aeto</span> 
     </span>
     <span class='ocr_line' id='line_1_13' title="bbox 161 1551 1242 1631; baseline -0.004 -16"><span class='ocrx_word' id='word_1_95' title='bbox 161 1557 256 1615; x_wconf 88' lang='lat' dir='ltr'>lorum</span> <span class='ocrx_word' id='word_1_96' title='bbox 288 1562 426 1631; x_wconf 88' lang='lat' dir='ltr'>receptus</span> <span class='ocrx_word' id='word_1_97' title='bbox 458 1557 613 1616; x_wconf 90' lang='lat' dir='ltr'>voluntate</span> <span class='ocrx_word' id='word_1_98' title='bbox 645 1554 801 1630; x_wconf 85' lang='lat' dir='ltr'>praesidiis</span> <span class='ocrx_word' id='word_1_99' title='bbox 827 1553 1064 1629; x_wconf 85' lang='lat' dir='ltr'>adversariorum</span> <span class='ocrx_word' id='word_1_100' title='bbox 1092 1551 1242 1626; x_wconf 81' lang='lat' dir='ltr'>Calydone</span> 
     </span>
     <span class='ocr_line' id='line_1_14' title="bbox 164 1653 1279 1734; baseline -0.004 -17"><span class='ocrx_word' id='word_1_101' title='bbox 164 1662 193 1718; x_wconf 90' lang='lat' dir='ltr'>ct</span> <span class='ocrx_word' id='word_1_102' title='bbox 221 1658 377 1734; x_wconf 85' lang='lat' dir='ltr'>Naupacto</span> <span class='ocrx_word' id='word_1_103' title='bbox 405 1658 527 1718; x_wconf 89' lang='lat' dir='ltr'>deiectis</span> <span class='ocrx_word' id='word_1_104' title='bbox 559 1659 637 1716; x_wconf 90' lang='lat' dir='ltr'>omni</span> <span class='ocrx_word' id='word_1_105' title='bbox 666 1657 785 1715; x_wconf 85' lang='lat' dir='ltr'>Aetolia</span> <span class='ocrx_word' id='word_1_106' title='bbox 816 1655 931 1730; x_wconf 86' lang='lat' dir='ltr'>potitus</span> <span class='ocrx_word' id='word_1_107' title='bbox 963 1660 1017 1715; x_wconf 88' lang='lat' dir='ltr'>est.</span> <span class='ocrx_word' id='word_1_108' title='bbox 1061 1653 1180 1715; x_wconf 81' lang='lat' dir='ltr'>Cassius</span> <span class='ocrx_word' id='word_1_109' title='bbox 1213 1655 1279 1713; x_wconf 73' lang='lat' dir='ltr'>inu</span> 
     </span>
     <span class='ocr_line' id='line_1_15' title="bbox 164 1757 1243 1835; baseline -0.002 -17"><span class='ocrx_word' id='word_1_110' title='bbox 164 1759 350 1820; x_wconf 80' lang='lat' dir='ltr'>Thessaliam</span> <span class='ocrx_word' id='word_1_111' title='bbox 378 1777 443 1819; x_wconf 89' lang='lat' dir='ltr'>oum</span> <span class='ocrx_word' id='word_1_112' title='bbox 468 1760 585 1833; x_wconf 84' lang='lat' dir='ltr'>legione</span> <span class='ocrx_word' id='word_1_113' title='bbox 606 1759 752 1835; x_wconf 86' lang='lat' dir='ltr'>pervenit.</span> <span class='ocrx_word' id='word_1_114' title='bbox 795 1757 853 1815; x_wconf 90' lang='lat' dir='ltr'>Hic</span> <span class='ocrx_word' id='word_1_115' title='bbox 881 1774 946 1816; x_wconf 89' lang='lat' dir='ltr'>cum</span> <span class='ocrx_word' id='word_1_116' title='bbox 972 1762 1071 1817; x_wconf 86' lang='lat' dir='ltr'>essent</span> <span class='ocrx_word' id='word_1_117' title='bbox 1099 1757 1243 1816; x_wconf 84' lang='lat' dir='ltr'>factiones</span> 
     </span>
     <span class='ocr_line' id='line_1_16' title="bbox 162 1859 1243 1937; baseline -0.002 -18"><span class='ocrx_word' id='word_1_118' title='bbox 162 1860 244 1937; x_wconf 90' lang='lat' dir='ltr'>dnae,</span> <span class='ocrx_word' id='word_1_119' title='bbox 271 1863 358 1922; x_wconf 70' lang='lat' dir='ltr'>vana</span> <span class='ocrx_word' id='word_1_120' title='bbox 372 1863 528 1920; x_wconf 85' lang='lat' dir='ltr'>voluntate</span> <span class='ocrx_word' id='word_1_121' title='bbox 544 1861 711 1920; x_wconf 85' lang='lat' dir='ltr'>civitatium</span> <span class='ocrx_word' id='word_1_122' title='bbox 731 1860 881 1918; x_wconf 88' lang='lat' dir='ltr'>utebatur:</span> <span class='ocrx_word' id='word_1_123' title='bbox 904 1859 1111 1934; x_wconf 76' lang='lat' dir='ltr'>Hegesaretos,</span> <span class='ocrx_word' id='word_1_124' title='bbox 1134 1859 1243 1918; x_wconf 88' lang='lat' dir='ltr'>veteris</span> 
     </span>
     <span class='ocr_line' id='line_1_17' title="bbox 165 1960 1243 2038; baseline -0.003 -16"><span class='ocrx_word' id='word_1_125' title='bbox 165 1963 250 2022; x_wconf 93' lang='lat' dir='ltr'>homo</span> <span class='ocrx_word' id='word_1_126' title='bbox 272 1964 429 2038; x_wconf 85' lang='lat' dir='ltr'>potentiae,</span> <span class='ocrx_word' id='word_1_127' title='bbox 452 1963 640 2036; x_wconf 86' lang='lat' dir='ltr'>Pompeianis</span> <span class='ocrx_word' id='word_1_128' title='bbox 662 1963 750 2020; x_wconf 88' lang='lat' dir='ltr'>rebus</span> <span class='ocrx_word' id='word_1_129' title='bbox 765 1960 911 2034; x_wconf 89' lang='lat' dir='ltr'>studebat;</span> <span class='ocrx_word' id='word_1_130' title='bbox 933 1960 1091 2036; x_wconf 88' lang='lat' dir='ltr'>Petraeus,</span> <span class='ocrx_word' id='word_1_131' title='bbox 1114 1977 1243 2019; x_wconf 91' lang='lat' dir='ltr'>summac</span> 
     </span>
     <span class='ocr_line' id='line_1_18' title="bbox 166 2061 1243 2140; baseline -0.004 -16"><span class='ocrx_word' id='word_1_132' title='bbox 166 2066 333 2124; x_wconf 86' lang='lat' dir='ltr'>nobilitatis</span> <span class='ocrx_word' id='word_1_133' title='bbox 355 2065 538 2140; x_wconf 85' lang='lat' dir='ltr'>adulescens,</span> <span class='ocrx_word' id='word_1_134' title='bbox 567 2065 628 2123; x_wconf 91' lang='lat' dir='ltr'>suis</span> <span class='ocrx_word' id='word_1_135' title='bbox 650 2080 685 2123; x_wconf 90' lang='lat' dir='ltr'>ac</span> <span class='ocrx_word' id='word_1_136' title='bbox 706 2078 825 2122; x_wconf 91' lang='lat' dir='ltr'>suorum</span> <span class='ocrx_word' id='word_1_137' title='bbox 853 2063 958 2136; x_wconf 86' lang='lat' dir='ltr'>opibus</span> <span class='ocrx_word' id='word_1_138' title='bbox 980 2061 1135 2121; x_wconf 79' lang='lat' dir='ltr'>Caesarem</span> <span class='ocrx_word' id='word_1_139' title='bbox 1157 2063 1243 2122; x_wconf 90' lang='lat' dir='ltr'>enixe</span> 
     </span>
     <span class='ocr_line' id='line_1_19' title="bbox 164 2169 296 2228; baseline 0.008 -1"><span class='ocrx_word' id='word_1_140' title='bbox 164 2169 296 2228; x_wconf 84' lang='lat' dir='ltr'>iuvabat.</span> 
     </span>
    </p>

    <p class='ocr_par' dir='ltr' id='par_1_4' title="bbox 161 2264 1321 3972">
     <span class='ocr_line' id='line_1_20' title="bbox 245 2264 1244 2343; baseline -0.007 -11"><span class='ocrx_word' id='word_1_141' title='bbox 245 2264 303 2333; x_wconf 80' lang='grc'>36.</span> <span class='ocrx_word' id='word_1_142' title='bbox 326 2269 494 2342; x_wconf 84' lang='lat' dir='ltr'>Eodemque</span> <span class='ocrx_word' id='word_1_143' title='bbox 516 2274 648 2342; x_wconf 88' lang='lat' dir='ltr'>tempore</span> <span class='ocrx_word' id='word_1_144' title='bbox 662 2268 808 2327; x_wconf 89' lang='lat' dir='ltr'>Domitius</span> <span class='ocrx_word' id='word_1_145' title='bbox 830 2268 862 2326; x_wconf 93' lang='lat' dir='ltr'>in</span> <span class='ocrx_word' id='word_1_146' title='bbox 876 2264 1077 2326; x_wconf 85' lang='lat' dir='ltr'>Macedoniam</span> <span class='ocrx_word' id='word_1_147' title='bbox 1099 2267 1189 2343; x_wconf 85' lang='lat' dir='ltr'>venit,</span> <span class='ocrx_word' id='word_1_148' title='bbox 1213 2272 1244 2326; x_wconf 89' lang='lat' dir='ltr'>at</span> 
     </span>
     <span class='ocr_line' id='line_1_21' title="bbox 163 2361 1242 2445; baseline -0.003 -15"><span class='ocrx_word' id='word_1_149' title='bbox 163 2361 228 2429; x_wconf 87' lang='lat' dir='ltr'>cum</span> <span class='ocrx_word' id='word_1_150' title='bbox 241 2372 279 2430; x_wconf 90' lang='lat' dir='ltr'>ad</span> <span class='ocrx_word' id='word_1_151' title='bbox 291 2388 357 2430; x_wconf 88' lang='lat' dir='ltr'>eum</span> <span class='ocrx_word' id='word_1_152' title='bbox 368 2371 537 2445; x_wconf 80' lang='lat' dir='ltr'>frequentes</span> <span class='ocrx_word' id='word_1_153' title='bbox 549 2371 717 2430; x_wconf 88' lang='lat' dir='ltr'>civitatium</span> <span class='ocrx_word' id='word_1_154' title='bbox 728 2369 893 2444; x_wconf 82' lang='lat' dir='ltr'>legationes</span> <span class='ocrx_word' id='word_1_155' title='bbox 905 2369 1061 2428; x_wconf 87' lang='lat' dir='ltr'>convenire</span> <span class='ocrx_word' id='word_1_156' title='bbox 1073 2370 1242 2444; x_wconf 80' lang='lat' dir='ltr'>coepissent,</span> 
     </span>
     <span class='ocr_line' id='line_1_22' title="bbox 162 2469 1243 2546; baseline -0.001 -15"><span class='ocrx_word' id='word_1_157' title='bbox 162 2474 333 2532; x_wconf 89' lang='lat' dir='ltr'>nuntiatum</span> <span class='ocrx_word' id='word_1_158' title='bbox 355 2479 402 2532; x_wconf 88' lang='lat' dir='ltr'>est</span> <span class='ocrx_word' id='word_1_159' title='bbox 416 2472 519 2532; x_wconf 87' lang='lat' dir='ltr'>adesse</span> <span class='ocrx_word' id='word_1_160' title='bbox 533 2469 697 2546; x_wconf 85' lang='lat' dir='ltr'>Scipionem</span> <span class='ocrx_word' id='word_1_161' title='bbox 712 2489 776 2530; x_wconf 92' lang='lat' dir='ltr'>cnm</span> <span class='ocrx_word' id='word_1_162' title='bbox 790 2471 968 2546; x_wconf 77' lang='lat' dir='ltr'>legionibus,</span> <span class='ocrx_word' id='word_1_163' title='bbox 984 2487 1093 2545; x_wconf 81' lang='lat' dir='ltr'>magna</span> <span class='ocrx_word' id='word_1_164' title='bbox 1107 2472 1243 2546; x_wconf 89' lang='lat' dir='ltr'>opinione</span> 
     </span>
     <span class='ocr_line' id='line_1_23' title="bbox 162 2572 1241 2647; baseline 0 -15"><span class='ocrx_word' id='word_1_165' title='bbox 162 2579 193 2632; x_wconf 89' lang='lat' dir='ltr'>et</span> <span class='ocrx_word' id='word_1_166' title='bbox 207 2575 288 2632; x_wconf 81' lang='lat' dir='ltr'>fama</span> <span class='ocrx_word' id='word_1_167' title='bbox 302 2575 444 2647; x_wconf 87' lang='lat' dir='ltr'>omniom;</span> <span class='ocrx_word' id='word_1_168' title='bbox 459 2591 527 2632; x_wconf 92' lang='lat' dir='ltr'>nam</span> <span class='ocrx_word' id='word_1_169' title='bbox 542 2575 714 2647; x_wconf 85' lang='lat' dir='ltr'>plerumque</span> <span class='ocrx_word' id='word_1_170' title='bbox 725 2575 756 2631; x_wconf 92' lang='lat' dir='ltr'>in</span> <span class='ocrx_word' id='word_1_171' title='bbox 766 2572 902 2632; x_wconf 86' lang='lat' dir='ltr'>novitate</span> <span class='ocrx_word' id='word_1_172' title='bbox 916 2589 979 2631; x_wconf 86' lang='lat' dir='ltr'>rem</span> <span class='ocrx_word' id='word_1_173' title='bbox 993 2573 1074 2630; x_wconf 81' lang='lat' dir='ltr'>fama</span> <span class='ocrx_word' id='word_1_174' title='bbox 1085 2573 1241 2632; x_wconf 87' lang='lat' dir='ltr'>antecedit.</span> 
     </span>
     <span class='ocr_line' id='line_1_24' title="bbox 161 2674 1321 2748; baseline -0.002 -13"><span class='ocrx_word' id='word_1_175' title='bbox 161 2675 219 2735; x_wconf 86' lang='lat' dir='ltr'>Hic</span> <span class='ocrx_word' id='word_1_176' title='bbox 242 2676 323 2735; x_wconf 90' lang='lat' dir='ltr'>nollo</span> <span class='ocrx_word' id='word_1_177' title='bbox 346 2677 378 2734; x_wconf 93' lang='lat' dir='ltr'>in</span> <span class='ocrx_word' id='word_1_178' title='bbox 399 2677 463 2734; x_wconf 93' lang='lat' dir='ltr'>loco</span> <span class='ocrx_word' id='word_1_179' title='bbox 478 2674 666 2734; x_wconf 86' lang='lat' dir='ltr'>Macedoniae</span> <span class='ocrx_word' id='word_1_180' title='bbox 687 2681 819 2734; x_wconf 90' lang='lat' dir='ltr'>moratus</span> <span class='ocrx_word' id='word_1_181' title='bbox 834 2690 941 2748; x_wconf 81' lang='lat' dir='ltr'>magno</span> <span class='ocrx_word' id='word_1_182' title='bbox 960 2674 1072 2748; x_wconf 91' lang='lat' dir='ltr'>impetn</span> <span class='ocrx_word' id='word_1_183' title='bbox 1093 2674 1192 2732; x_wconf 88' lang='lat' dir='ltr'>tendit</span> <span class='ocrx_word' id='word_1_184' title='bbox 1206 2675 1244 2733; x_wconf 89' lang='lat' dir='ltr'>ad</span> <span class='ocrx_word' id='word_1_185' title='bbox 1265 2683 1294 2733; x_wconf 73' lang='lat' dir='ltr'><em>Y</em></span> <span class='ocrx_word' id='word_1_186' title='bbox 1307 2697 1321 2709; x_wconf 56' lang='grc'>-’</span> 
     </span>
     <span class='ocr_line' id='line_1_25' title="bbox 163 2776 1241 2853; baseline -0.002 -16"><span class='ocrx_word' id='word_1_187' title='bbox 163 2777 325 2837; x_wconf 90' lang='lat' dir='ltr'>Domitium</span> <span class='ocrx_word' id='word_1_188' title='bbox 347 2783 385 2853; x_wconf 85' lang='lat' dir='ltr'>et,</span> <span class='ocrx_word' id='word_1_189' title='bbox 408 2794 473 2836; x_wconf 89' lang='lat' dir='ltr'>oum</span> <span class='ocrx_word' id='word_1_190' title='bbox 489 2779 526 2836; x_wconf 94' lang='lat' dir='ltr'>ab</span> <span class='ocrx_word' id='word_1_191' title='bbox 542 2794 575 2835; x_wconf 93' lang='lat' dir='ltr'>eo</span> <span class='ocrx_word' id='word_1_192' title='bbox 591 2777 674 2836; x_wconf 87' lang='lat' dir='ltr'>milia</span> <span class='ocrx_word' id='word_1_193' title='bbox 687 2793 826 2851; x_wconf 85' lang='lat' dir='ltr'>passuum</span> <span class='ocrx_word' id='word_1_194' title='bbox 840 2793 881 2835; x_wconf 89' lang='lat' dir='ltr'>xx</span> <span class='ocrx_word' id='word_1_195' title='bbox 896 2776 1029 2851; x_wconf 82' lang='lat' dir='ltr'>aluisset,</span> <span class='ocrx_word' id='word_1_196' title='bbox 1045 2776 1142 2835; x_wconf 90' lang='lat' dir='ltr'>subito</span> <span class='ocrx_word' id='word_1_197' title='bbox 1157 2793 1188 2835; x_wconf 91' lang='lat' dir='ltr'>se</span> <span class='ocrx_word' id='word_1_198' title='bbox 1204 2777 1241 2836; x_wconf 93' lang='lat' dir='ltr'>ad</span> 
     </span>
     <span class='ocr_line' id='line_1_26' title="bbox 161 2876 1279 2953; baseline -0.003 -14"><span class='ocrx_word' id='word_1_199' title='bbox 161 2879 294 2939; x_wconf 79' lang='lat' dir='ltr'>Cassium</span> <span class='ocrx_word' id='word_1_200' title='bbox 305 2880 472 2953; x_wconf 82' lang='lat' dir='ltr'>Longinum</span> <span class='ocrx_word' id='word_1_201' title='bbox 487 2879 519 2937; x_wconf 94' lang='lat' dir='ltr'>in</span> <span class='ocrx_word' id='word_1_202' title='bbox 533 2879 718 2938; x_wconf 77' lang='lat' dir='ltr'>Thessaliam</span> <span class='ocrx_word' id='word_1_203' title='bbox 740 2878 897 2938; x_wconf 88' lang='lat' dir='ltr'>convertit.</span> <span class='ocrx_word' id='word_1_204' title='bbox 931 2877 996 2936; x_wconf 89' lang='lat' dir='ltr'>Hoc</span> <span class='ocrx_word' id='word_1_205' title='bbox 1018 2876 1089 2936; x_wconf 88' lang='lat' dir='ltr'>adeo</span> <span class='ocrx_word' id='word_1_206' title='bbox 1105 2878 1244 2937; x_wconf 89' lang='lat' dir='ltr'>celeriter</span> <span class='ocrx_word' id='word_1_207' title='bbox 1264 2888 1279 2936; x_wconf 82' lang='lat' dir='ltr'>a</span> 
     </span>
     <span class='ocr_line' id='line_1_27' title="bbox 161 2980 1242 3057; baseline -0.001 -17"><span class='ocrx_word' id='word_1_208' title='bbox 161 2983 240 3057; x_wconf 76' lang='lat' dir='ltr'>iecit</span> <span class='ocrx_word' id='word_1_209' title='bbox 253 2987 288 3040; x_wconf 91' lang='lat' dir='ltr'>ut</span> <span class='ocrx_word' id='word_1_210' title='bbox 299 2982 386 3040; x_wconf 91' lang='lat' dir='ltr'>simul</span> <span class='ocrx_word' id='word_1_211' title='bbox 401 2981 503 3040; x_wconf 90' lang='lat' dir='ltr'>adesse</span> <span class='ocrx_word' id='word_1_212' title='bbox 518 2987 549 3039; x_wconf 89' lang='lat' dir='ltr'>et</span> <span class='ocrx_word' id='word_1_213' title='bbox 560 2982 662 3040; x_wconf 86' lang='lat' dir='ltr'>venire</span> <span class='ocrx_word' id='word_1_214' title='bbox 673 2981 872 3056; x_wconf 89' lang='lat' dir='ltr'>nuntiaretur,</span> <span class='ocrx_word' id='word_1_215' title='bbox 888 2986 919 3039; x_wconf 91' lang='lat' dir='ltr'>et</span> <span class='ocrx_word' id='word_1_216' title='bbox 934 2997 990 3054; x_wconf 91' lang='lat' dir='ltr'>quo</span> <span class='ocrx_word' id='word_1_217' title='bbox 1002 2981 1061 3039; x_wconf 85' lang='lat' dir='ltr'>iter</span> <span class='ocrx_word' id='word_1_218' title='bbox 1076 2980 1242 3055; x_wconf 85' lang='lat' dir='ltr'>expeditius</span> 
     </span>
     <span class='ocr_line' id='line_1_28' title="bbox 161 3079 1241 3157; baseline 0.002 -16"><span class='ocrx_word' id='word_1_219' title='bbox 161 3083 280 3157; x_wconf 84' lang='lat' dir='ltr'>iaceret,</span> <span class='ocrx_word' id='word_1_220' title='bbox 302 3082 341 3140; x_wconf 84' lang='lat' dir='ltr'>hl.</span> <span class='ocrx_word' id='word_1_221' title='bbox 356 3082 520 3142; x_wconf 82' lang='lat' dir='ltr'>Fauonium</span> <span class='ocrx_word' id='word_1_222' title='bbox 537 3080 576 3139; x_wconf 92' lang='lat' dir='ltr'>ad</span> <span class='ocrx_word' id='word_1_223' title='bbox 597 3079 705 3139; x_wconf 89' lang='lat' dir='ltr'>flumen</span> <span class='ocrx_word' id='word_1_224' title='bbox 719 3081 928 3156; x_wconf 72' lang='lat' dir='ltr'>Aliaomonem</span> <span class='ocrx_word' id='word_1_225' title='bbox 951 3081 1027 3154; x_wconf 95' lang='lat' dir='ltr'>quod</span> <span class='ocrx_word' id='word_1_226' title='bbox 1042 3081 1241 3143; x_wconf 85' lang='lat' dir='ltr'>Macedoniam</span> 
     </span>
     <span class='ocr_line' id='line_1_29' title="bbox 162 3182 1241 3259; baseline 0.002 -16"><span class='ocrx_word' id='word_1_227' title='bbox 162 3185 352 3244; x_wconf 87' lang='lat' dir='ltr'>aThessalia</span> <span class='ocrx_word' id='word_1_228' title='bbox 374 3182 490 3259; x_wconf 85' lang='lat' dir='ltr'>dividit,</span> <span class='ocrx_word' id='word_1_229' title='bbox 513 3200 578 3242; x_wconf 90' lang='lat' dir='ltr'>oum</span> <span class='ocrx_word' id='word_1_230' title='bbox 595 3183 763 3242; x_wconf 82' lang='lat' dir='ltr'>cohortibus</span> <span class='ocrx_word' id='word_1_231' title='bbox 777 3199 836 3242; x_wconf 88' lang='lat' dir='ltr'>vm</span> <span class='ocrx_word' id='word_1_232' title='bbox 856 3182 1004 3257; x_wconf 88' lang='lat' dir='ltr'>praesidio</span> <span class='ocrx_word' id='word_1_233' title='bbox 1026 3184 1241 3257; x_wconf 86' lang='lat' dir='ltr'>impedimentis</span> 
     </span>
     <span class='ocr_line' id='line_1_30' title="bbox 161 3271 1278 3362; baseline -0.001 -16"><span class='ocrx_word' id='word_1_234' title='bbox 161 3288 309 3361; x_wconf 80' lang='lat' dir='ltr'>legionum</span> <span class='ocrx_word' id='word_1_235' title='bbox 327 3287 450 3360; x_wconf 88' lang='lat' dir='ltr'>reliquit</span> <span class='ocrx_word' id='word_1_236' title='bbox 464 3286 674 3358; x_wconf 81' lang='lat' dir='ltr'>castellumque</span> <span class='ocrx_word' id='word_1_237' title='bbox 688 3286 731 3344; x_wconf 94' lang='lat' dir='ltr'>ibi</span> <span class='ocrx_word' id='word_1_238' title='bbox 744 3285 855 3345; x_wconf 85' lang='lat' dir='ltr'>muniri</span> <span class='ocrx_word' id='word_1_239' title='bbox 869 3285 964 3344; x_wconf 84' lang='lat' dir='ltr'>iussit</span> <span class='ocrx_word' id='word_1_240' title='bbox 986 3271 1096 3345; x_wconf 83' lang='lat' dir='ltr'>Eodem</span> <span class='ocrx_word' id='word_1_241' title='bbox 1111 3295 1243 3362; x_wconf 88' lang='lat' dir='ltr'>tempore</span> <span class='ocrx_word' id='word_1_242' title='bbox 1262 3296 1278 3345; x_wconf 84' lang='lat'>4</span> 
     </span>
     <span class='ocr_line' id='line_1_31' title="bbox 162 3386 1241 3462; baseline 0.001 -16"><span class='ocrx_word' id='word_1_243' title='bbox 162 3389 312 3461; x_wconf 88' lang='lat' dir='ltr'>equitatus</span> <span class='ocrx_word' id='word_1_244' title='bbox 334 3389 415 3462; x_wconf 80' lang='lat' dir='ltr'>regis</span> <span class='ocrx_word' id='word_1_245' title='bbox 437 3387 539 3461; x_wconf 80' lang='lat' dir='ltr'>Cotyis</span> <span class='ocrx_word' id='word_1_246' title='bbox 562 3387 600 3445; x_wconf 88' lang='lat' dir='ltr'>ad</span> <span class='ocrx_word' id='word_1_247' title='bbox 621 3392 720 3445; x_wconf 89' lang='lat' dir='ltr'>castra</span> <span class='ocrx_word' id='word_1_248' title='bbox 742 3386 837 3446; x_wconf 84' lang='lat' dir='ltr'>(lossii</span> <span class='ocrx_word' id='word_1_249' title='bbox 864 3386 1030 3462; x_wconf 85' lang='lat' dir='ltr'>advolavit,</span> <span class='ocrx_word' id='word_1_250' title='bbox 1060 3389 1110 3460; x_wconf 90' lang='lat' dir='ltr'>qui</span> <span class='ocrx_word' id='word_1_251' title='bbox 1131 3389 1241 3447; x_wconf 84' lang='lat' dir='ltr'>circum</span> 
     </span>
     <span class='ocr_line' id='line_1_32' title="bbox 162 3489 1279 3563; baseline 0 -15"><span class='ocrx_word' id='word_1_252' title='bbox 162 3489 347 3548; x_wconf 86' lang='lat' dir='ltr'>Thessaliam</span> <span class='ocrx_word' id='word_1_253' title='bbox 376 3507 439 3548; x_wconf 88' lang='lat' dir='ltr'>esse</span> <span class='ocrx_word' id='word_1_254' title='bbox 467 3494 631 3548; x_wconf 86' lang='lat' dir='ltr'>consuerat.</span> <span class='ocrx_word' id='word_1_255' title='bbox 674 3489 750 3547; x_wconf 89' lang='lat' dir='ltr'>Tum</span> <span class='ocrx_word' id='word_1_256' title='bbox 783 3489 889 3548; x_wconf 87' lang='lat' dir='ltr'>timore</span> <span class='ocrx_word' id='word_1_257' title='bbox 916 3489 1096 3563; x_wconf 86' lang='lat' dir='ltr'>perterritus</span> <span class='ocrx_word' id='word_1_258' title='bbox 1124 3490 1279 3550; x_wconf 79' lang='lat' dir='ltr'>Cassiuso</span> 
     </span>
     <span class='ocr_line' id='line_1_33' title="bbox 162 3589 1240 3666; baseline 0.002 -16"><span class='ocrx_word' id='word_1_259' title='bbox 162 3591 277 3665; x_wconf 77' lang='lat' dir='ltr'>cognito</span> <span class='ocrx_word' id='word_1_260' title='bbox 293 3589 437 3665; x_wconf 83' lang='lat' dir='ltr'>Scipionis</span> <span class='ocrx_word' id='word_1_261' title='bbox 453 3590 582 3651; x_wconf 85' lang='lat' dir='ltr'>adventu</span> <span class='ocrx_word' id='word_1_262' title='bbox 598 3591 728 3664; x_wconf 88' lang='lat' dir='ltr'>visisque</span> <span class='ocrx_word' id='word_1_263' title='bbox 744 3591 900 3666; x_wconf 90' lang='lat' dir='ltr'>equitibus,</span> <span class='ocrx_word' id='word_1_264' title='bbox 924 3607 995 3664; x_wconf 89' lang='lat' dir='ltr'>quos</span> <span class='ocrx_word' id='word_1_265' title='bbox 1011 3590 1156 3666; x_wconf 80' lang='lat' dir='ltr'>Scipionis</span> <span class='ocrx_word' id='word_1_266' title='bbox 1178 3609 1240 3652; x_wconf 89' lang='lat' dir='ltr'>esse</span> 
     </span>
     <span class='ocr_line' id='line_1_34' title="bbox 162 3692 1238 3772; baseline 0.002 -20"><span class='ocrx_word' id='word_1_267' title='bbox 162 3693 375 3768; x_wconf 87' lang='lat' dir='ltr'>arbitrabatur,</span> <span class='ocrx_word' id='word_1_268' title='bbox 398 3693 435 3752; x_wconf 89' lang='lat' dir='ltr'>ad</span> <span class='ocrx_word' id='word_1_269' title='bbox 457 3697 570 3751; x_wconf 90' lang='lat' dir='ltr'>montes</span> <span class='ocrx_word' id='word_1_270' title='bbox 592 3709 624 3751; x_wconf 91' lang='lat' dir='ltr'>se</span> <span class='ocrx_word' id='word_1_271' title='bbox 646 3694 805 3768; x_wconf 89' lang='lat' dir='ltr'>convertit,</span> <span class='ocrx_word' id='word_1_272' title='bbox 828 3693 879 3767; x_wconf 93' lang='lat' dir='ltr'>qui</span> <span class='ocrx_word' id='word_1_273' title='bbox 902 3692 1087 3753; x_wconf 88' lang='lat' dir='ltr'>Thessaliam</span> <span class='ocrx_word' id='word_1_274' title='bbox 1109 3696 1238 3772; x_wconf 80' lang='lat' dir='ltr'>cingunt,</span> 
     </span>
     <span class='ocr_line' id='line_1_35' title="bbox 163 3794 1277 3870; baseline 0.002 -16"><span class='ocrx_word' id='word_1_275' title='bbox 163 3801 251 3868; x_wconf 90' lang='lat' dir='ltr'>atquc</span> <span class='ocrx_word' id='word_1_276' title='bbox 273 3812 309 3854; x_wconf 90' lang='lat' dir='ltr'>ex</span> <span class='ocrx_word' id='word_1_277' title='bbox 337 3795 383 3854; x_wconf 94' lang='lat' dir='ltr'>his</span> <span class='ocrx_word' id='word_1_278' title='bbox 405 3795 476 3853; x_wconf 92' lang='lat' dir='ltr'>locis</span> <span class='ocrx_word' id='word_1_279' title='bbox 498 3795 686 3854; x_wconf 89' lang='lat' dir='ltr'>Ambraciam</span> <span class='ocrx_word' id='word_1_280' title='bbox 715 3810 820 3854; x_wconf 86' lang='lat' dir='ltr'>uersus</span> <span class='ocrx_word' id='word_1_281' title='bbox 841 3794 901 3853; x_wconf 87' lang='lat' dir='ltr'>lter</span> <span class='ocrx_word' id='word_1_282' title='bbox 929 3795 1028 3854; x_wconf 80' lang='lat' dir='ltr'>facere</span> <span class='ocrx_word' id='word_1_283' title='bbox 1049 3797 1153 3870; x_wconf 90' lang='lat' dir='ltr'>coepit.</span> <span class='ocrx_word' id='word_1_284' title='bbox 1198 3799 1240 3856; x_wconf 91' lang='lat' dir='ltr'>At</span> <span class='ocrx_word' id='word_1_285' title='bbox 1262 3806 1277 3855; x_wconf 86' lang='lat' dir='ltr'>o</span> 
     </span>
     <span class='ocr_line' id='line_1_36' title="bbox 163 3897 1238 3972; baseline 0.003 -16"><span class='ocrx_word' id='word_1_286' title='bbox 163 3897 326 3970; x_wconf 84' lang='lat' dir='ltr'>Scipionem</span> <span class='ocrx_word' id='word_1_287' title='bbox 355 3903 562 3972; x_wconf 87' lang='lat' dir='ltr'>properantem</span> <span class='ocrx_word' id='word_1_288' title='bbox 587 3897 670 3969; x_wconf 89' lang='lat' dir='ltr'>sequi</span> <span class='ocrx_word' id='word_1_289' title='bbox 703 3897 824 3956; x_wconf 88' lang='lat' dir='ltr'>litterae</span> <span class='ocrx_word' id='word_1_290' title='bbox 857 3902 926 3954; x_wconf 88' lang='lat' dir='ltr'>sont</span> <span class='ocrx_word' id='word_1_291' title='bbox 956 3903 1128 3957; x_wconf 87' lang='lat' dir='ltr'>consecutae</span> <span class='ocrx_word' id='word_1_292' title='bbox 1155 3917 1173 3958; x_wconf 92' lang='lat' dir='ltr'>a</span> <span class='ocrx_word' id='word_1_293' title='bbox 1200 3900 1238 3960; x_wconf 86' lang='lat' dir='ltr'>M.</span> 
     </span>
    </p>
   </div>
   <div class='ocr_carea' id='block_1_3' title="bbox 0 0 1486 4506">
    <p class='ocr_par' dir='ltr' id='par_1_5' title="bbox 0 0 1486 4506">
     <span class='ocr_line' id='line_1_37' title="bbox 0 0 1486 4506; baseline 0 0"><span class='ocrx_word' id='word_1_294' title='bbox 0 0 1486 4506; x_wconf 95' lang='lat' dir='ltr'> </span> 
     </span>
    </p>
   </div>
  </div>
 </body>
</html>
