2964 4506
258 261 319 318 112
648 264 697 318 DE
716 264 834 320 BELLO
853 266 968 322 CIVILI

255 433 384 496 cllidum
414 438 554 513 Pompeio
581 444 761 513 praestarent
786 457 860 500 neve
886 440 947 501 eius
974 440 1122 501 fortunam
1144 442 1331 520 despicerent.
1435 427 1454 464 ³

219 539 289 598 5111
311 539 366 599 hoo
388 545 470 600 erant
490 559 610 601 numero
633 523 793 618 complures
815 543 935 618 Pompei
964 545 1085 622 milites,
1116 563 1189 620 quos
1211 564 1247 606 ex
1270 547 1331 608 eius
1453 537 1454 542 ¹

255 642 382 701 exercitu
415 648 547 718 acceptos
578 643 608 700 in
638 643 724 719 Syria
750 643 891 703 Gabinius
917 642 1129 705 Alexandriam
1162 647 1356 710 traduxerat·

255 743 387 818 belloque
410 741 539 804 coniecto
562 744 640 820 apud
661 745 877 814 Ptolomaeum,
906 751 1018 823 patrem
1039 748 1138 824 pueri,
1166 749 1329 825 reliquerat.

339 840 416 908 104.
439 846 494 904 His
515 850 577 905 tum
593 845 715 922 coguitis
729 847 817 906 rebus
833 847 919 906 amici
940 847 1024 925 regis,
1047 850 1099 924 qui
1119 855 1237 926 propter
1251 857 1327 912 aeta·
1431 857 1434 864 '
1453 831 1454 844 ἶ

253 952 311 1005 tem
335 948 397 1006 eius
420 947 450 1006 in
472 949 675 1024 procuratione
697 954 779 1008 erant
808 949 903 1025 regni,
932 951 994 1009 slve
1019 952 1123 1011 timore
1144 951 1274 1030 adducti,
1295 959 1329 1013 ut

252 1055 352 1124 postea
377 1049 598 1126 praedicabant,
623 1049 783 1111 sollicitato
816 1051 942 1112 exerdtu
975 1047 1072 1129 regio,
1104 1071 1141 1114 ne
1170 1055 1326 1130 Pompeius

249 1151 453 1211 Alexandriam
470 1151 698 1229 Aegyptumque
713 1156 873 1230 occuparet,
895 1153 956 1213 sive
975 1155 1109 1231 despecta
1124 1155 1185 1215 eius
1199 1154 1326 1235 fortuna,

250 1259 283 1313 ut
303 1255 474 1330 plerumque
495 1256 525 1312 iu
549 1255 710 1316 calamitate
731 1273 767 1316 ex
789 1255 886 1316 amids
907 1255 1013 1317 inimici
1035 1257 1184 1334 exsbtunt,
1206 1259 1251 1335 iis,
1272 1261 1325 1334 qui

249 1362 331 1416 eraut
359 1357 396 1416 ab
419 1375 453 1416 eo
475 1357 568 1435 missi,
595 1359 691 1434 palam
722 1357 874 1418 liberaliter
901 1359 1112 1435 responderunt
1140 1377 1266 1436 eumque
1287 1362 1325 1422 ad

211 1461 226 1510 2
248 1477 346 1534 regem
368 1459 467 1518 venire
486 1459 644 1538 iusserunt;
667 1459 721 1536 ipsi
744 1461 816 1520 elam
839 1461 955 1520 consih0
977 1460 1048 1522 inito
1073 1461 1223 1538 Achillam,
1243 1481 1324 1538 prae

248 1559 356 1620 fectum
385 1561 511 1638 regium,
539 1561 677 1637 singulari
706 1560 850 1621 homiuem
873 1562 1008 1642 audacia,
1037 1570 1067 1622 et
1088 1563 1120 1624 L.
1143 1564 1322 1640 Septimium,

210 1666 225 1714 3
247 1662 393 1723 tribunum
416 1664 553 1739 mihtum,
574 1663 611 1722 ad
634 1661 861 1723 interficiendum
884 1664 1054 1741 Pompeium
1080 1665 1226 1725 miserunt.
1270 1665 1322 1726 Ab

246 1763 289 1824 hle
317 1765 472 1825 liberaliter
498 1766 562 1841 ipse
583 1765 744 1841 appellatus
767 1770 796 1825 et
822 1764 949 1840 quadam
979 1765 1082 1826 notiba
1104 1766 1237 1842 Septimii
1259 1786 1322 1844 pro

245 1868 362 1942 duetus,
395 1868 474 1943 quod
507 1868 582 1927 bello
614 1867 793 1943 praedonum
825 1867 903 1944 apud
937 1886 1003 1928 eum
1032 1869 1161 1928 ordinem
1190 1865 1321 1946 duxerat,

245 1969 406 2028 naviculam
428 1971 579 2046 parvulam
602 1969 767 2029 conscendit
789 1987 854 2030 cum
876 1972 978 2045 paucis
1000 1970 1073 2050 suis,
1096 1971 1136 2031 ibi
1158 1973 1197 2031 ab
1209 1972 1322 2032 Achilla

248 2076 276 2130 et
299 2070 438 2148 Septimio
469 2069 649 2130 interficitur.
693 2072 766 2130 Item
787 2073 821 2130 L.
841 2072 982 2132 Lentulus
1010 2072 1259 2150 comprehenditur
1280 2075 1317 2134 ab

244 2191 312 2249 rege
334 2179 362 2232 et
384 2175 414 2232 in
437 2172 567 2232 custodia
588 2179 715 2233 necatur.

329 2269 405 2338 105.
429 2273 542 2349 Caesar,
558 2293 623 2334 cum
638 2274 667 2333 in
683 2275 784 2334 Asiam
805 2275 939 2352 venisset,
960 2275 1121 2352 reperiebat
1134 2276 1170 2337 Τ.
1184 2276 1321 2352 Ampium

243 2380 378 2436 conatum
400 2393 461 2435 esse
482 2377 621 2452 pecunias
649 2376 748 2436 tollere
769 2376 884 2453 Epheso
907 2395 944 2436 ex
972 2375 1042 2436 fano
1065 2376 1178 2437 Dianae
1200 2378 1321 2454 eiusque

243 2477 284 2536 rei
305 2495 392 2538 cauea
405 2482 552 2537 senatores
566 2495 666 2537 omnes
681 2495 717 2536 ex
732 2477 880 2554 provincia
895 2479 1072 2554 evocavisse,
1094 2484 1127 2538 ut
1143 2477 1186 2537 his
1201 2478 1330 2538 testibus

243 2580 272 2638 in
294 2597 408 2639 summa
428 2579 567 2654 pecuniae
588 2585 725 2658 duretur,
747 2581 798 2641 sed
818 2581 1031 2657 interpellatum
1047 2580 1174 2642 adventu
1191 2579 1320 2640 Caesaris

242 2679 413 2758 profugisse.
458 2682 504 2742 Ita
532 2682 647 2742 duobus
675 2683 853 2759 temporibus
881 2682 1024 2758 Ephesiae
1053 2682 1193 2759 pecuniae
1216 2681 1321 2742 Caesar

206 2801 220 2849 2
245 2785 384 2844 auxilium
407 2784 471 2844 tulit
473 2828 571 2844 .....
615 2786 688 2844 Item
710 2786 860 2844 constabat
882 2784 964 2844 Elide
989 2784 1019 2843 iu
1042 2786 1149 2859 templo
1171 2785 1320 2844 MInervae

242 2888 368 2964 repetitis
396 2893 484 2963 atque
504 2886 660 2946 numeratis
682 2887 800 2963 diebus,
830 2904 888 2961 qno
918 2887 967 2945 die
996 2887 1137 2962 proelium
1159 2885 1317 2945 secundum
1432 2957 1435 2967 Ι

243 2990 348 3050 Caesar
362 2988 485 3064 fecisset,
506 2989 691 3048 simulacrum
706 2988 858 3066 Victoriae,
874 2987 954 3063 qued
970 2992 1038 3049 ante
1051 2987 1144 3064 ipsam
1160 2987 1320 3046 Minervam

242 3094 421 3152 conlocatum
451 3095 526 3150 esset
547 3095 576 3150 et
597 3095 664 3150 ante
686 3089 724 3149 ad
745 3089 928 3149 simulacrum
950 3090 1097 3152 Minervae
1121 3089 1317 3166 spectavisset,

203 3209 218 3258 a
241 3195 277 3253 ad
299 3195 400 3253 valvas
420 3211 452 3252 se
482 3192 581 3268 templi
601 3192 748 3267 limenque
777 3191 959 3252 convertisse.
1002 3181 1170 3266 Eodemque
1192 3191 1238 3250 die
1259 3193 1316 3250 Au·

241 3296 362 3356 tiochiae
383 3295 413 3354 in
430 3295 516 3371 Syria
537 3295 581 3354 bis
603 3299 702 3353 tantus
724 3293 865 3353 exercitus
880 3295 987 3353 clamor
1008 3300 1038 3352 ct
1060 3292 1208 3369 signorum
1230 3311 1319 3352 sonus

242 3397 394 3458 exauditus
416 3401 466 3473 est,
488 3401 521 3456 ut
542 3397 573 3454 in
588 3395 676 3474 murts
691 3400 803 3454 armata
824 3395 923 3455 civitas
946 3394 1125 3455 direurreret.
1159 3394 1222 3454 Hoc
1242 3394 1318 3454 idem

204 3511 219 3560 4
241 3499 419 3562 Ptolomaide
441 3497 556 3570 accidit,
578 3497 770 3572 Pergamique
790 3497 820 3555 in
842 3496 960 3557 occultis
987 3513 1021 3556 ac
1041 3491 1196 3557 reconditis
1218 3495 1317 3570 templi

240 3602 326 3678 loeis,
354 3619 412 3676 quo
439 3605 554 3676 praeter
581 3598 743 3658 sacerdotes
769 3598 849 3658 adire
877 3597 922 3658 fas
948 3617 1007 3657 non
1029 3603 1086 3674 est,
1116 3616 1191 3673 quae
1214 3596 1317 3657 Graeci

205 3712 219 3760 5
241 3699 346 3764 stow
370 3702 523 3778 appellant,
546 3697 687 3777 tympan‘a
701 3705 869 3760 sonuerunt.
900 3699 973 3760 Item
988 3698 1134 3760 Ibellibus
1155 3701 1186 3758 in
1209 3701 1317 3774 templo

242 3806 401 3881 Victoriae,
424 3804 474 3863 nbi
497 3802 625 3863 Caesaris
647 3808 774 3862 statuam
796 3807 1048 3878 consecraverant,
1077 3801 1174 3878 palma
1195 3819 1247 3876 per
1269 3818 1318 3860 eos

240 3908 301 3967 dies
313 3909 387 3966 inter
398 3911 569 3982 coagmenta
579 3904 709 3980 lapidum
721 3922 757 3964 ex
772 3906 939 3981 pavimento
951 3903 1095 3964 exstitisse
1106 3902 1317 3962 ostendebatur·
