<?xml version="1.0" encoding="UTF-8"?>
<!DOCTYPE html PUBLIC "-//W3C//DTD XHTML 1.0 Transitional//EN"
    "http://www.w3.org/TR/xhtml1/DTD/xhtml1-transitional.dtd">
<html xmlns="http://www.w3.org/1999/xhtml" xml:lang="en" lang="en">
 <head>
  <title>
</title>
<meta http-equiv="Content-Type" content="text/html;charset=utf-8" />
  <meta name='ocr-system' content='tesseract 3.04.00' />
  <meta name='ocr-capabilities' content='ocr_page ocr_carea ocr_par ocr_line ocrx_word'/>
</head>
<body>
  <div class='ocr_page' id='page_1' title='image "./ciuliicaesarisd00meusgoog_0099.png"; bbox 0 0 2964 4506; ppageno 0'>
   <div class='ocr_carea' id='block_1_1' title="bbox 632 271 1265 329">
    <p class='ocr_par' dir='ltr' id='par_1_1' title="bbox 632 271 1265 329">
     <span class='ocr_line' id='line_1_1' title="bbox 632 271 1265 329; baseline 0.002 -1"><span class='ocrx_word' id='word_1_1' title='bbox 632 273 682 328; x_wconf 88' lang='lat' dir='ltr'><strong>III.</strong></span> <span class='ocrx_word' id='word_1_2' title='bbox 702 277 812 328; x_wconf 75' lang='lat' dir='ltr'><strong>tta—66.</strong></span> <span class='ocrx_word' id='word_1_3' title='bbox 1224 271 1265 329; x_wconf 88' lang='grc'><strong>93</strong></span> 
     </span>
    </p>
   </div>
   <div class='ocr_carea' id='block_1_2' title="bbox 147 435 1301 3894">
    <p class='ocr_par' dir='ltr' id='par_1_2' title="bbox 181 435 1266 732">
     <span class='ocr_line' id='line_1_2' title="bbox 181 435 1266 529; baseline 0 -23"><span class='ocrx_word' id='word_1_4' title='bbox 181 447 364 529; x_wconf 84' lang='lat' dir='ltr'><strong>admittatur,</strong></span> <span class='ocrx_word' id='word_1_5' title='bbox 397 449 628 524; x_wconf 88' lang='lat' dir='ltr'><strong>incolumemque</strong></span> <span class='ocrx_word' id='word_1_6' title='bbox 649 447 687 507; x_wconf 87' lang='lat' dir='ltr'><strong>ad</strong></span> <span class='ocrx_word' id='word_1_7' title='bbox 708 465 776 508; x_wconf 86' lang='lat' dir='ltr'><strong>aum</strong></span> <span class='ocrx_word' id='word_1_8' title='bbox 802 435 932 508; x_wconf 86' lang='lat' dir='ltr'><strong>deiertc&#39;.</strong></span> <span class='ocrx_word' id='word_1_9' title='bbox 978 443 1044 508; x_wconf 88' lang='lat' dir='ltr'><strong>Hoc</strong></span> <span class='ocrx_word' id='word_1_10' title='bbox 1072 465 1140 508; x_wconf 90' lang='lat' dir='ltr'><strong>casu</strong></span> <span class='ocrx_word' id='word_1_11' title='bbox 1167 447 1266 522; x_wconf 90' lang='lat' dir='ltr'><strong>aquila</strong></span> 
     </span>
     <span class='ocr_line' id='line_1_3' title="bbox 184 547 1266 628; baseline -0.003 -19"><span class='ocrx_word' id='word_1_12' title='bbox 184 557 370 613; x_wconf 89' lang='lat' dir='ltr'><strong>conservatur</strong></span> <span class='ocrx_word' id='word_1_13' title='bbox 397 553 530 614; x_wconf 90' lang='lat' dir='ltr'><strong>omuibus</strong></span> <span class='ocrx_word' id='word_1_14' title='bbox 562 551 674 628; x_wconf 78' lang='lat' dir='ltr'>primae</span> <span class='ocrx_word' id='word_1_15' title='bbox 706 548 829 611; x_wconf 79' lang='lat' dir='ltr'><strong>cohortis</strong></span> <span class='ocrx_word' id='word_1_16' title='bbox 859 549 1075 611; x_wconf 75' lang='lat' dir='ltr'><strong>centurionibus</strong></span> <span class='ocrx_word' id='word_1_17' title='bbox 1111 547 1266 610; x_wconf 88' lang='lat' dir='ltr'><strong>interiectis</strong></span> 
     </span>
     <span class='ocr_line' id='line_1_4' title="bbox 182 653 631 732; baseline 0 -20"><span class='ocrx_word' id='word_1_18' title='bbox 182 659 297 730; x_wconf 87' lang='lat' dir='ltr'><strong>praeter</strong></span> <span class='ocrx_word' id='word_1_19' title='bbox 317 657 480 732; x_wconf 87' lang='lat' dir='ltr'><strong>principem</strong></span> <span class='ocrx_word' id='word_1_20' title='bbox 494 653 631 730; x_wconf 80' lang='lat' dir='ltr'><strong>priorem.</strong></span> 
     </span>
    </p>

    <p class='ocr_par' dir='ltr' id='par_1_3' title="bbox 147 750 1299 2060">
     <span class='ocr_line' id='line_1_5' title="bbox 147 750 1265 834; baseline -0.005 -16"><span class='ocrx_word' id='word_1_21' title='bbox 147 785 149 792; x_wconf 40' lang='lat' dir='ltr'><em>s</em></span> <span class='ocrx_word' id='word_1_22' title='bbox 268 750 324 822; x_wconf 84' lang='grc'><strong>66.</strong></span> <span class='ocrx_word' id='word_1_23' title='bbox 346 758 468 834; x_wconf 93' lang='lat' dir='ltr'><strong>Iamque</strong></span> <span class='ocrx_word' id='word_1_24' title='bbox 482 754 655 833; x_wconf 88' lang='lat' dir='ltr'><strong>Pompeiani</strong></span> <span class='ocrx_word' id='word_1_25' title='bbox 670 771 778 830; x_wconf 83' lang='lat' dir='ltr'><strong>magna</strong></span> <span class='ocrx_word' id='word_1_26' title='bbox 792 773 857 815; x_wconf 89' lang='lat' dir='ltr'><strong>cum</strong></span> <span class='ocrx_word' id='word_1_27' title='bbox 873 755 960 816; x_wconf 84' lang='lat' dir='ltr'><strong>caede</strong></span> <span class='ocrx_word' id='word_1_28' title='bbox 977 759 1141 815; x_wconf 88' lang='lat' dir='ltr'><strong>nostrorum</strong></span> <span class='ocrx_word' id='word_1_29' title='bbox 1164 755 1265 814; x_wconf 89' lang='lat' dir='ltr'><strong>castris</strong></span> 
     </span>
     <span class='ocr_line' id='line_1_6' title="bbox 182 855 1262 936; baseline -0.002 -20"><span class='ocrx_word' id='word_1_30' title='bbox 182 857 340 918; x_wconf 83' lang='lat' dir='ltr'><strong>Marcellini</strong></span> <span class='ocrx_word' id='word_1_31' title='bbox 362 858 637 936; x_wconf 76' lang='lat' dir='ltr'><strong>adpropinquabant</strong></span> <span class='ocrx_word' id='word_1_32' title='bbox 658 875 717 917; x_wconf 89' lang='lat' dir='ltr'><strong>uon</strong></span> <span class='ocrx_word' id='word_1_33' title='bbox 739 855 877 916; x_wconf 80' lang='lat' dir='ltr'><strong>mediocri</strong></span> <span class='ocrx_word' id='word_1_34' title='bbox 900 861 1009 917; x_wconf 88' lang='lat' dir='ltr'><strong>terrore</strong></span> <span class='ocrx_word' id='word_1_35' title='bbox 1029 857 1120 916; x_wconf 91' lang='lat' dir='ltr'><strong>inlato</strong></span> <span class='ocrx_word' id='word_1_36' title='bbox 1142 855 1262 931; x_wconf 90' lang='lat' dir='ltr'><strong>reliquis</strong></span> 
     </span>
     <span class='ocr_line' id='line_1_7' title="bbox 183 958 1297 1038; baseline -0.009 -16"><span class='ocrx_word' id='word_1_37' title='bbox 183 960 348 1023; x_wconf 81' lang='lat' dir='ltr'><strong>cohortibus</strong></span> <span class='ocrx_word' id='word_1_38' title='bbox 376 965 405 1022; x_wconf 90' lang='lat' dir='ltr'><strong>et</strong></span> <span class='ocrx_word' id='word_1_39' title='bbox 426 961 464 1022; x_wconf 85' lang='lat' dir='ltr'><strong>li.</strong></span> <span class='ocrx_word' id='word_1_40' title='bbox 488 960 643 1038; x_wconf 85' lang='lat' dir='ltr'><strong>Antonius,</strong></span> <span class='ocrx_word' id='word_1_41' title='bbox 675 960 725 1036; x_wconf 92' lang='lat' dir='ltr'><strong>qui</strong></span> <span class='ocrx_word' id='word_1_42' title='bbox 746 959 911 1036; x_wconf 86' lang='lat' dir='ltr'><strong>proximum</strong></span> <span class='ocrx_word' id='word_1_43' title='bbox 932 959 1028 1019; x_wconf 89' lang='lat' dir='ltr'><strong>locum</strong></span> <span class='ocrx_word' id='word_1_44' title='bbox 1049 958 1261 1036; x_wconf 86' lang='lat' dir='ltr'><strong>praesidiorum</strong></span> <span class='ocrx_word' id='word_1_45' title='bbox 1283 963 1297 1012; x_wconf 79' lang='lat'>2</span> 
     </span>
     <span class='ocr_line' id='line_1_8' title="bbox 183 1059 1262 1150; baseline -0.004 -26"><span class='ocrx_word' id='word_1_46' title='bbox 183 1065 315 1142; x_wconf 88' lang='lat' dir='ltr'><strong>tenebat,</strong></span> <span class='ocrx_word' id='word_1_47' title='bbox 337 1082 372 1125; x_wconf 89' lang='lat' dir='ltr'><strong>ea</strong></span> <span class='ocrx_word' id='word_1_48' title='bbox 393 1081 424 1124; x_wconf 91' lang='lat' dir='ltr'><strong>rc</strong></span> <span class='ocrx_word' id='word_1_49' title='bbox 446 1064 580 1124; x_wconf 91' lang='lat' dir='ltr'><strong>nuntiata</strong></span> <span class='ocrx_word' id='word_1_50' title='bbox 601 1081 667 1123; x_wconf 89' lang='lat' dir='ltr'><strong>cum</strong></span> <span class='ocrx_word' id='word_1_51' title='bbox 689 1060 856 1150; x_wconf 83' lang='lat' dir='ltr'><strong>cohortibus</strong></span> <span class='ocrx_word' id='word_1_52' title='bbox 878 1079 921 1120; x_wconf 85' lang='lat' dir='ltr'><strong>xn</strong></span> <span class='ocrx_word' id='word_1_53' title='bbox 942 1060 1118 1121; x_wconf 88' lang='lat' dir='ltr'><strong>descendens</strong></span> <span class='ocrx_word' id='word_1_54' title='bbox 1141 1077 1178 1120; x_wconf 87' lang='lat' dir='ltr'><strong>cx</strong></span> <span class='ocrx_word' id='word_1_55' title='bbox 1200 1059 1262 1120; x_wconf 91' lang='lat' dir='ltr'><strong>loco</strong></span> 
     </span>
     <span class='ocr_line' id='line_1_9' title="bbox 182 1163 1263 1242; baseline -0.003 -16"><span class='ocrx_word' id='word_1_56' title='bbox 182 1167 329 1242; x_wconf 81' lang='lat' dir='ltr'><strong>superiore</strong></span> <span class='ocrx_word' id='word_1_57' title='bbox 357 1167 535 1229; x_wconf 79' lang='lat' dir='ltr'><strong>cernebatur.</strong></span> <span class='ocrx_word' id='word_1_58' title='bbox 580 1164 669 1226; x_wconf 85' lang='lat' dir='ltr'><strong>Ouius</strong></span> <span class='ocrx_word' id='word_1_59' title='bbox 702 1163 843 1224; x_wconf 81' lang='lat' dir='ltr'><strong>adventus</strong></span> <span class='ocrx_word' id='word_1_60' title='bbox 872 1163 1064 1241; x_wconf 88' lang='lat' dir='ltr'><strong>Pompeianos</strong></span> <span class='ocrx_word' id='word_1_61' title='bbox 1093 1163 1263 1237; x_wconf 87' lang='lat' dir='ltr'><strong>compressit</strong></span> 
     </span>
     <span class='ocr_line' id='line_1_10' title="bbox 182 1265 1299 1344; baseline -0.004 -18"><span class='ocrx_word' id='word_1_62' title='bbox 182 1271 354 1344; x_wconf 86' lang='lat' dir='ltr'><strong>nostrosque</strong></span> <span class='ocrx_word' id='word_1_63' title='bbox 375 1266 513 1343; x_wconf 79' lang='lat' dir='ltr'><strong>firmavit,</strong></span> <span class='ocrx_word' id='word_1_64' title='bbox 535 1271 568 1327; x_wconf 92' lang='lat' dir='ltr'><strong>ut</strong></span> <span class='ocrx_word' id='word_1_65' title='bbox 589 1284 621 1326; x_wconf 90' lang='lat' dir='ltr'><strong>sc</strong></span> <span class='ocrx_word' id='word_1_66' title='bbox 642 1284 678 1326; x_wconf 85' lang='lat' dir='ltr'><strong>ex</strong></span> <span class='ocrx_word' id='word_1_67' title='bbox 694 1267 822 1326; x_wconf 87' lang='lat' dir='ltr'><strong>maximo</strong></span> <span class='ocrx_word' id='word_1_68' title='bbox 837 1265 939 1325; x_wconf 87' lang='lat' dir='ltr'><strong>timore</strong></span> <span class='ocrx_word' id='word_1_69' title='bbox 955 1265 1129 1341; x_wconf 85' lang='lat' dir='ltr'><strong>colligerent.</strong></span> <span class='ocrx_word' id='word_1_70' title='bbox 1159 1265 1263 1340; x_wconf 87' lang='lat' dir='ltr'><strong>Neque</strong></span> <span class='ocrx_word' id='word_1_71' title='bbox 1284 1271 1299 1320; x_wconf 85' lang='lat'><strong>3</strong></span> 
     </span>
     <span class='ocr_line' id='line_1_11' title="bbox 184 1365 1263 1446; baseline -0.004 -17"><span class='ocrx_word' id='word_1_72' title='bbox 184 1370 275 1430; x_wconf 93' lang='lat' dir='ltr'><strong>multo</strong></span> <span class='ocrx_word' id='word_1_73' title='bbox 297 1373 363 1446; x_wconf 91' lang='lat' dir='ltr'><strong>post</strong></span> <span class='ocrx_word' id='word_1_74' title='bbox 378 1369 484 1431; x_wconf 85' lang='lat' dir='ltr'><strong>Oacsar</strong></span> <span class='ocrx_word' id='word_1_75' title='bbox 504 1367 719 1446; x_wconf 76' lang='lat' dir='ltr'><strong>significatione</strong></span> <span class='ocrx_word' id='word_1_76' title='bbox 740 1385 792 1444; x_wconf 90' lang='lat' dir='ltr'><strong>per</strong></span> <span class='ocrx_word' id='word_1_77' title='bbox 808 1367 923 1428; x_wconf 89' lang='lat' dir='ltr'><strong>castella</strong></span> <span class='ocrx_word' id='word_1_78' title='bbox 943 1365 1125 1446; x_wconf 80' lang='lat' dir='ltr'><strong>tumefacta,</strong></span> <span class='ocrx_word' id='word_1_79' title='bbox 1146 1371 1180 1426; x_wconf 92' lang='lat' dir='ltr'><strong>ut</strong></span> <span class='ocrx_word' id='word_1_80' title='bbox 1201 1370 1263 1426; x_wconf 87' lang='lat' dir='ltr'><strong>erat</strong></span> 
     </span>
     <span class='ocr_line' id='line_1_12' title="bbox 182 1467 1261 1547; baseline -0.002 -17"><span class='ocrx_word' id='word_1_81' title='bbox 182 1469 339 1547; x_wconf 87' lang='lat' dir='ltr'><strong>superioris</strong></span> <span class='ocrx_word' id='word_1_82' title='bbox 360 1473 498 1546; x_wconf 88' lang='lat' dir='ltr'><strong>temporis</strong></span> <span class='ocrx_word' id='word_1_83' title='bbox 520 1470 713 1547; x_wconf 84' lang='lat' dir='ltr'><strong>cousuetudo,</strong></span> <span class='ocrx_word' id='word_1_84' title='bbox 741 1469 873 1530; x_wconf 85' lang='lat' dir='ltr'><strong>deductis</strong></span> <span class='ocrx_word' id='word_1_85' title='bbox 901 1469 1074 1545; x_wconf 83' lang='lat' dir='ltr'><strong>quibusdam</strong></span> <span class='ocrx_word' id='word_1_86' title='bbox 1096 1467 1261 1530; x_wconf 90' lang='lat' dir='ltr'><strong>cohortibus</strong></span> 
     </span>
     <span class='ocr_line' id='line_1_13' title="bbox 186 1566 1298 1652; baseline -0.005 -18"><span class='ocrx_word' id='word_1_87' title='bbox 186 1591 222 1634; x_wconf 86' lang='lat' dir='ltr'><strong>ex</strong></span> <span class='ocrx_word' id='word_1_88' title='bbox 243 1574 391 1652; x_wconf 83' lang='lat' dir='ltr'><strong>praesidiis</strong></span> <span class='ocrx_word' id='word_1_89' title='bbox 406 1574 508 1635; x_wconf 85' lang='lat' dir='ltr'><strong>eodem</strong></span> <span class='ocrx_word' id='word_1_90' title='bbox 523 1575 613 1635; x_wconf 86' lang='lat' dir='ltr'><strong>veuit.</strong></span> <span class='ocrx_word' id='word_1_91' title='bbox 647 1572 706 1647; x_wconf 78' lang='lat' dir='ltr'><strong>Qui</strong></span> <span class='ocrx_word' id='word_1_92' title='bbox 721 1573 837 1648; x_wconf 82' lang='lat' dir='ltr'><strong>cognito</strong></span> <span class='ocrx_word' id='word_1_93' title='bbox 859 1572 1032 1633; x_wconf 86' lang='lat' dir='ltr'><strong>detrimento</strong></span> <span class='ocrx_word' id='word_1_94' title='bbox 1054 1590 1120 1633; x_wconf 90' lang='lat' dir='ltr'><strong>cum</strong></span> <span class='ocrx_word' id='word_1_95' title='bbox 1135 1566 1262 1632; x_wconf 87' lang='lat' dir='ltr'><strong>animad-</strong></span> <span class='ocrx_word' id='word_1_96' title='bbox 1283 1579 1298 1628; x_wconf 76' lang='lat' dir='ltr'><strong>r</strong></span> 
     </span>
     <span class='ocr_line' id='line_1_14' title="bbox 182 1674 1256 1754; baseline -0.004 -18"><span class='ocrx_word' id='word_1_97' title='bbox 182 1677 313 1738; x_wconf 85' lang='lat' dir='ltr'><strong>vertisset</strong></span> <span class='ocrx_word' id='word_1_98' title='bbox 326 1677 498 1754; x_wconf 89' lang='lat' dir='ltr'><strong>Pompeium</strong></span> <span class='ocrx_word' id='word_1_99' title='bbox 520 1681 603 1737; x_wconf 87' lang='lat' dir='ltr'><strong>extra</strong></span> <span class='ocrx_word' id='word_1_100' title='bbox 617 1675 793 1736; x_wconf 87' lang='lat' dir='ltr'><strong>munitiones</strong></span> <span class='ocrx_word' id='word_1_101' title='bbox 815 1691 962 1750; x_wconf 86' lang='lat' dir='ltr'><strong>egressum</strong></span> <span class='ocrx_word' id='word_1_102' title='bbox 985 1680 1079 1736; x_wconf 90' lang='lat' dir='ltr'><strong>castra</strong></span> <span class='ocrx_word' id='word_1_103' title='bbox 1099 1674 1256 1734; x_wconf 88' lang='lat' dir='ltr'><strong>secuudum</strong></span> 
     </span>
     <span class='ocr_line' id='line_1_15' title="bbox 181 1775 1260 1857; baseline -0.003 -20"><span class='ocrx_word' id='word_1_104' title='bbox 181 1796 261 1838; x_wconf 90' lang='lat' dir='ltr'><strong>mare</strong></span> <span class='ocrx_word' id='word_1_105' title='bbox 275 1780 397 1857; x_wconf 85' lang='lat' dir='ltr'><strong>munire,</strong></span> <span class='ocrx_word' id='word_1_106' title='bbox 418 1783 451 1838; x_wconf 91' lang='lat' dir='ltr'><strong>ut</strong></span> <span class='ocrx_word' id='word_1_107' title='bbox 473 1779 561 1839; x_wconf 90' lang='lat' dir='ltr'><strong>libere</strong></span> <span class='ocrx_word' id='word_1_108' title='bbox 574 1777 709 1855; x_wconf 88' lang='lat' dir='ltr'><strong>pabulari</strong></span> <span class='ocrx_word' id='word_1_109' title='bbox 722 1781 819 1854; x_wconf 91' lang='lat' dir='ltr'><strong>posset</strong></span> <span class='ocrx_word' id='word_1_110' title='bbox 833 1794 887 1836; x_wconf 90' lang='lat' dir='ltr'><strong>uec</strong></span> <span class='ocrx_word' id='word_1_111' title='bbox 900 1775 995 1837; x_wconf 89' lang='lat' dir='ltr'><strong>minus</strong></span> <span class='ocrx_word' id='word_1_112' title='bbox 1010 1775 1119 1837; x_wconf 82' lang='lat' dir='ltr'><strong>aditum</strong></span> <span class='ocrx_word' id='word_1_113' title='bbox 1134 1776 1260 1836; x_wconf 89' lang='lat' dir='ltr'><strong>naribus</strong></span> 
     </span>
     <span class='ocr_line' id='line_1_16' title="bbox 183 1879 1260 1958; baseline -0.003 -18"><span class='ocrx_word' id='word_1_114' title='bbox 183 1880 316 1958; x_wconf 88' lang='lat' dir='ltr'><strong>haberet,</strong></span> <span class='ocrx_word' id='word_1_115' title='bbox 348 1885 526 1942; x_wconf 91' lang='lat' dir='ltr'><strong>commutata</strong></span> <span class='ocrx_word' id='word_1_116' title='bbox 556 1880 667 1940; x_wconf 88' lang='lat' dir='ltr'><strong>ratione</strong></span> <span class='ocrx_word' id='word_1_117' title='bbox 699 1879 781 1957; x_wconf 87' lang='lat' dir='ltr'><strong>belli,</strong></span> <span class='ocrx_word' id='word_1_118' title='bbox 813 1879 950 1954; x_wconf 91' lang='lat' dir='ltr'><strong>quoniam</strong></span> <span class='ocrx_word' id='word_1_119' title='bbox 986 1880 1167 1956; x_wconf 90' lang='lat' dir='ltr'><strong>propositum</strong></span> <span class='ocrx_word' id='word_1_120' title='bbox 1200 1896 1260 1938; x_wconf 91' lang='lat' dir='ltr'><strong>uon</strong></span> 
     </span>
     <span class='ocr_line' id='line_1_17' title="bbox 182 1980 852 2060; baseline 0.003 -18"><span class='ocrx_word' id='word_1_121' title='bbox 182 1986 322 2060; x_wconf 74' lang='lat' dir='ltr'><strong>tenuerat,</strong></span> <span class='ocrx_word' id='word_1_122' title='bbox 342 1983 425 2043; x_wconf 82' lang='lat' dir='ltr'><strong>iuxta</strong></span> <span class='ocrx_word' id='word_1_123' title='bbox 438 1983 610 2060; x_wconf 86' lang='lat' dir='ltr'><strong>Pompeium</strong></span> <span class='ocrx_word' id='word_1_124' title='bbox 632 1980 736 2041; x_wconf 87' lang='lat' dir='ltr'><strong>muniri</strong></span> <span class='ocrx_word' id='word_1_125' title='bbox 757 1983 852 2044; x_wconf 89' lang='lat' dir='ltr'><strong>iussit.</strong></span> 
     </span>
    </p>

    <p class='ocr_par' dir='ltr' id='par_1_4' title="bbox 182 2077 1301 3894">
     <span class='ocr_line' id='line_1_18' title="bbox 266 2077 1257 2161; baseline -0.005 -16"><span class='ocrx_word' id='word_1_126' title='bbox 266 2077 319 2146; x_wconf 89' lang='grc'><strong>66.</strong></span> <span class='ocrx_word' id='word_1_127' title='bbox 343 2082 409 2157; x_wconf 78' lang='lat' dir='ltr'><strong>Qua</strong></span> <span class='ocrx_word' id='word_1_128' title='bbox 436 2082 566 2161; x_wconf 83' lang='lat' dir='ltr'><strong>perfecta</strong></span> <span class='ocrx_word' id='word_1_129' title='bbox 591 2083 753 2143; x_wconf 87' lang='lat' dir='ltr'><strong>munitione</strong></span> <span class='ocrx_word' id='word_1_130' title='bbox 775 2080 1006 2142; x_wconf 86' lang='lat' dir='ltr'><strong>animadversum</strong></span> <span class='ocrx_word' id='word_1_131' title='bbox 1036 2086 1079 2142; x_wconf 88' lang='lat' dir='ltr'><strong>est</strong></span> <span class='ocrx_word' id='word_1_132' title='bbox 1100 2082 1139 2141; x_wconf 94' lang='lat' dir='ltr'><strong>ab</strong></span> <span class='ocrx_word' id='word_1_133' title='bbox 1159 2097 1257 2159; x_wconf 90' lang='lat' dir='ltr'><strong>specu-</strong></span> 
     </span>
     <span class='ocr_line' id='line_1_19' title="bbox 182 2183 1257 2262; baseline -0.003 -18"><span class='ocrx_word' id='word_1_134' title='bbox 182 2185 322 2246; x_wconf 88' lang='lat' dir='ltr'><strong>latoribus</strong></span> <span class='ocrx_word' id='word_1_135' title='bbox 333 2185 465 2246; x_wconf 75' lang='lat' dir='ltr'><strong>Caesaris</strong></span> <span class='ocrx_word' id='word_1_136' title='bbox 474 2185 604 2247; x_wconf 86' lang='lat' dir='ltr'><strong>cohortes</strong></span> <span class='ocrx_word' id='word_1_137' title='bbox 619 2184 769 2262; x_wconf 82' lang='lat' dir='ltr'><strong>quasdam,</strong></span> <span class='ocrx_word' id='word_1_138' title='bbox 780 2183 859 2260; x_wconf 88' lang='lat' dir='ltr'><strong>quod</strong></span> <span class='ocrx_word' id='word_1_139' title='bbox 870 2186 962 2244; x_wconf 90' lang='lat' dir='ltr'><strong>instar</strong></span> <span class='ocrx_word' id='word_1_140' title='bbox 972 2183 1094 2262; x_wconf 83' lang='lat' dir='ltr'><strong>legionis</strong></span> <span class='ocrx_word' id='word_1_141' title='bbox 1104 2183 1257 2261; x_wconf 82' lang='lat' dir='ltr'><strong>videretur,</strong></span> 
     </span>
     <span class='ocr_line' id='line_1_20' title="bbox 183 2285 1296 2366; baseline -0.004 -17"><span class='ocrx_word' id='word_1_142' title='bbox 183 2305 245 2349; x_wconf 86' lang='lat' dir='ltr'><strong>csse</strong></span> <span class='ocrx_word' id='word_1_143' title='bbox 265 2293 332 2366; x_wconf 93' lang='lat' dir='ltr'><strong>post</strong></span> <span class='ocrx_word' id='word_1_144' title='bbox 352 2289 455 2349; x_wconf 90' lang='lat' dir='ltr'><strong>silvam</strong></span> <span class='ocrx_word' id='word_1_145' title='bbox 478 2293 507 2350; x_wconf 88' lang='lat' dir='ltr'><strong>et</strong></span> <span class='ocrx_word' id='word_1_146' title='bbox 527 2289 557 2348; x_wconf 94' lang='lat' dir='ltr'><strong>iu</strong></span> <span class='ocrx_word' id='word_1_147' title='bbox 578 2293 677 2348; x_wconf 89' lang='lat' dir='ltr'><strong>vetera</strong></span> <span class='ocrx_word' id='word_1_148' title='bbox 698 2292 791 2348; x_wconf 87' lang='lat' dir='ltr'><strong>castra</strong></span> <span class='ocrx_word' id='word_1_149' title='bbox 812 2287 888 2349; x_wconf 82' lang='lat' dir='ltr'><strong>duci.</strong></span> <span class='ocrx_word' id='word_1_150' title='bbox 933 2286 1099 2348; x_wconf 81' lang='lat' dir='ltr'><strong>Castrorum</strong></span> <span class='ocrx_word' id='word_1_151' title='bbox 1120 2285 1167 2347; x_wconf 91' lang='lat' dir='ltr'><strong>bic</strong></span> <span class='ocrx_word' id='word_1_152' title='bbox 1187 2287 1260 2346; x_wconf 91' lang='lat' dir='ltr'><strong>situs</strong></span> <span class='ocrx_word' id='word_1_153' title='bbox 1281 2295 1296 2343; x_wconf 79' lang='lat'><strong>2</strong></span> 
     </span>
     <span class='ocr_line' id='line_1_21' title="bbox 183 2388 1258 2468; baseline -0.002 -18"><span class='ocrx_word' id='word_1_154' title='bbox 183 2395 253 2450; x_wconf 87' lang='lat' dir='ltr'><strong>arat.</strong></span> <span class='ocrx_word' id='word_1_155' title='bbox 272 2390 484 2466; x_wconf 82' lang='lat' dir='ltr'><strong>¹Superioribus</strong></span> <span class='ocrx_word' id='word_1_156' title='bbox 505 2389 606 2451; x_wconf 88' lang='lat' dir='ltr'><strong>diebus</strong></span> <span class='ocrx_word' id='word_1_157' title='bbox 623 2408 703 2451; x_wconf 89' lang='lat' dir='ltr'><strong>nona</strong></span> <span class='ocrx_word' id='word_1_158' title='bbox 718 2389 848 2451; x_wconf 70' lang='lat' dir='ltr'><strong>Caesaris</strong></span> <span class='ocrx_word' id='word_1_159' title='bbox 869 2388 954 2468; x_wconf 82' lang='lat' dir='ltr'><strong>legio,</strong></span> <span class='ocrx_word' id='word_1_160' title='bbox 976 2407 1042 2450; x_wconf 94' lang='lat' dir='ltr'><strong>cum</strong></span> <span class='ocrx_word' id='word_1_161' title='bbox 1064 2406 1096 2450; x_wconf 90' lang='lat' dir='ltr'><strong>sa</strong></span> <span class='ocrx_word' id='word_1_162' title='bbox 1110 2389 1258 2450; x_wconf 83' lang='lat' dir='ltr'><strong>obiecisse</strong></span> 
     </span>
     <span class='ocr_line' id='line_1_22' title="bbox 183 2491 1258 2571; baseline 0 -20"><span class='ocrx_word' id='word_1_163' title='bbox 183 2492 365 2568; x_wconf 87' lang='lat' dir='ltr'><strong>Pompeianis</strong></span> <span class='ocrx_word' id='word_1_164' title='bbox 393 2495 484 2571; x_wconf 90' lang='lat' dir='ltr'><strong>copiis</strong></span> <span class='ocrx_word' id='word_1_165' title='bbox 511 2498 599 2568; x_wconf 90' lang='lat' dir='ltr'><strong>atquc</strong></span> <span class='ocrx_word' id='word_1_166' title='bbox 627 2510 803 2570; x_wconf 80' lang='lat' dir='ltr'><strong>operosas,</strong></span> <span class='ocrx_word' id='word_1_167' title='bbox 835 2496 869 2551; x_wconf 92' lang='lat' dir='ltr'><strong>ut</strong></span> <span class='ocrx_word' id='word_1_168' title='bbox 895 2491 1172 2569; x_wconf 83' lang='lat' dir='ltr'><strong>domonstravimus,</strong></span> <span class='ocrx_word' id='word_1_169' title='bbox 1204 2493 1258 2552; x_wconf 88' lang='lat' dir='ltr'><strong>cir·</strong></span> 
     </span>
     <span class='ocr_line' id='line_1_23' title="bbox 184 2592 1295 2672; baseline -0.005 -18"><span class='ocrx_word' id='word_1_170' title='bbox 184 2594 389 2672; x_wconf 63' lang='lat' dir='ltr'><strong>cummanum,</strong></span> <span class='ocrx_word' id='word_1_171' title='bbox 421 2599 514 2654; x_wconf 87' lang='lat' dir='ltr'><strong>castra</strong></span> <span class='ocrx_word' id='word_1_172' title='bbox 545 2611 580 2654; x_wconf 91' lang='lat' dir='ltr'><strong>eo</strong></span> <span class='ocrx_word' id='word_1_173' title='bbox 613 2594 676 2653; x_wconf 93' lang='lat' dir='ltr'><strong>loco</strong></span> <span class='ocrx_word' id='word_1_174' title='bbox 708 2593 816 2669; x_wconf 80' lang='lat' dir='ltr'><strong>posuit</strong></span> <span class='ocrx_word' id='word_1_175' title='bbox 859 2593 941 2652; x_wconf 90' lang='lat' dir='ltr'><strong>Haec</strong></span> <span class='ocrx_word' id='word_1_176' title='bbox 973 2592 1075 2652; x_wconf 88' lang='lat' dir='ltr'><strong>silvam</strong></span> <span class='ocrx_word' id='word_1_177' title='bbox 1112 2593 1295 2668; x_wconf 77' lang='lat' dir='ltr'><strong>quandama</strong></span> 
     </span>
     <span class='ocr_line' id='line_1_24' title="bbox 185 2695 1297 2778; baseline -0.002 -23"><span class='ocrx_word' id='word_1_178' title='bbox 185 2695 392 2771; x_wconf 87' lang='lat' dir='ltr'><strong>contingebant</strong></span> <span class='ocrx_word' id='word_1_179' title='bbox 412 2713 507 2770; x_wconf 89' lang='lat' dir='ltr'><strong>neque</strong></span> <span class='ocrx_word' id='word_1_180' title='bbox 527 2695 645 2771; x_wconf 79' lang='lat' dir='ltr'><strong>longius</strong></span> <span class='ocrx_word' id='word_1_181' title='bbox 666 2712 684 2754; x_wconf 92' lang='lat' dir='ltr'><strong>a</strong></span> <span class='ocrx_word' id='word_1_182' title='bbox 705 2695 781 2754; x_wconf 91' lang='lat' dir='ltr'><strong>mari</strong></span> <span class='ocrx_word' id='word_1_183' title='bbox 802 2695 938 2770; x_wconf 80' lang='lat' dir='ltr'><strong>passibus</strong></span> <span class='ocrx_word' id='word_1_184' title='bbox 953 2713 1005 2754; x_wconf 92' lang='lat' dir='ltr'><strong>ccc</strong></span> <span class='ocrx_word' id='word_1_185' title='bbox 1028 2695 1156 2778; x_wconf 90' lang='lat' dir='ltr'><strong>aberant.</strong></span> <span class='ocrx_word' id='word_1_186' title='bbox 1192 2696 1262 2755; x_wconf 90' lang='lat' dir='ltr'><strong>Post</strong></span> <span class='ocrx_word' id='word_1_187' title='bbox 1283 2703 1297 2752; x_wconf 77' lang='grc'>4</span> 
     </span>
     <span class='ocr_line' id='line_1_25' title="bbox 184 2791 1262 2872; baseline 0.002 -17"><span class='ocrx_word' id='word_1_188' title='bbox 184 2801 297 2858; x_wconf 89' lang='lat' dir='ltr'><strong>mutato</strong></span> <span class='ocrx_word' id='word_1_189' title='bbox 325 2791 443 2858; x_wconf 86' lang='lat' dir='ltr'><strong>consilio</strong></span> <span class='ocrx_word' id='word_1_190' title='bbox 471 2795 645 2872; x_wconf 85' lang='lat' dir='ltr'><strong>quibusdam</strong></span> <span class='ocrx_word' id='word_1_191' title='bbox 674 2795 711 2855; x_wconf 89' lang='lat' dir='ltr'><strong>de</strong></span> <span class='ocrx_word' id='word_1_192' title='bbox 739 2797 834 2856; x_wconf 87' lang='lat' dir='ltr'><strong>causis</strong></span> <span class='ocrx_word' id='word_1_193' title='bbox 857 2795 963 2856; x_wconf 80' lang='lat' dir='ltr'><strong>ansar</strong></span> <span class='ocrx_word' id='word_1_194' title='bbox 988 2797 1076 2871; x_wconf 92' lang='lat' dir='ltr'><strong>paulo</strong></span> <span class='ocrx_word' id='word_1_195' title='bbox 1098 2797 1174 2858; x_wconf 90' lang='lat' dir='ltr'><strong>ultra</strong></span> <span class='ocrx_word' id='word_1_196' title='bbox 1195 2815 1262 2857; x_wconf 88' lang='lat' dir='ltr'><strong>eum</strong></span> 
     </span>
     <span class='ocr_line' id='line_1_26' title="bbox 184 2897 1264 2978; baseline 0.001 -20"><span class='ocrx_word' id='word_1_197' title='bbox 184 2900 280 2960; x_wconf 91' lang='lat' dir='ltr'><strong>locum</strong></span> <span class='ocrx_word' id='word_1_198' title='bbox 301 2903 394 2960; x_wconf 86' lang='lat' dir='ltr'><strong>castra</strong></span> <span class='ocrx_word' id='word_1_199' title='bbox 415 2897 567 2978; x_wconf 79' lang='lat' dir='ltr'><strong>transtulit,</strong></span> <span class='ocrx_word' id='word_1_200' title='bbox 588 2898 750 2974; x_wconf 77' lang='lat' dir='ltr'><strong>paucisque</strong></span> <span class='ocrx_word' id='word_1_201' title='bbox 762 2897 931 2958; x_wconf 85' lang='lat' dir='ltr'><strong>intermissis</strong></span> <span class='ocrx_word' id='word_1_202' title='bbox 952 2899 1054 2959; x_wconf 88' lang='lat' dir='ltr'><strong>diebus</strong></span> <span class='ocrx_word' id='word_1_203' title='bbox 1069 2899 1169 2959; x_wconf 82' lang='lat' dir='ltr'><strong>eadem</strong></span> <span class='ocrx_word' id='word_1_204' title='bbox 1190 2897 1264 2959; x_wconf 91' lang='lat' dir='ltr'><strong>haec</strong></span> 
     </span>
     <span class='ocr_line' id='line_1_27' title="bbox 185 2998 1263 3078; baseline 0.001 -18"><span class='ocrx_word' id='word_1_205' title='bbox 185 3001 342 3076; x_wconf 89' lang='lat' dir='ltr'><strong>Pompeius</strong></span> <span class='ocrx_word' id='word_1_206' title='bbox 370 3004 562 3077; x_wconf 86' lang='lat' dir='ltr'><strong>occupaverat</strong></span> <span class='ocrx_word' id='word_1_207' title='bbox 590 3004 633 3075; x_wconf 86' lang='lat' dir='ltr'><strong>et,</strong></span> <span class='ocrx_word' id='word_1_208' title='bbox 662 2998 741 3074; x_wconf 90' lang='lat' dir='ltr'><strong>quod</strong></span> <span class='ocrx_word' id='word_1_209' title='bbox 770 3017 805 3060; x_wconf 90' lang='lat' dir='ltr'><strong>eo</strong></span> <span class='ocrx_word' id='word_1_210' title='bbox 832 3001 895 3061; x_wconf 90' lang='lat' dir='ltr'><strong>loco</strong></span> <span class='ocrx_word' id='word_1_211' title='bbox 922 3001 1019 3075; x_wconf 89' lang='lat' dir='ltr'><strong>plures</strong></span> <span class='ocrx_word' id='word_1_212' title='bbox 1047 3006 1109 3062; x_wconf 90' lang='lat' dir='ltr'><strong>erat</strong></span> <span class='ocrx_word' id='word_1_213' title='bbox 1136 3001 1263 3078; x_wconf 84' lang='lat' dir='ltr'><strong>legiones</strong></span> 
     </span>
     <span class='ocr_line' id='line_1_28' title="bbox 185 3101 1264 3180; baseline 0.001 -19"><span class='ocrx_word' id='word_1_214' title='bbox 185 3103 350 3180; x_wconf 87' lang='lat' dir='ltr'><strong>habiturus,</strong></span> <span class='ocrx_word' id='word_1_215' title='bbox 372 3103 470 3163; x_wconf 88' lang='lat' dir='ltr'><strong>relicto</strong></span> <span class='ocrx_word' id='word_1_216' title='bbox 493 3101 628 3162; x_wconf 88' lang='lat' dir='ltr'><strong>interiore</strong></span> <span class='ocrx_word' id='word_1_217' title='bbox 650 3101 727 3162; x_wconf 88' lang='lat' dir='ltr'><strong>vallo</strong></span> <span class='ocrx_word' id='word_1_218' title='bbox 749 3101 886 3162; x_wconf 89' lang='lat' dir='ltr'><strong>maiorem</strong></span> <span class='ocrx_word' id='word_1_219' title='bbox 909 3102 1053 3162; x_wconf 83' lang='lat' dir='ltr'><strong>adiecerat</strong></span> <span class='ocrx_word' id='word_1_220' title='bbox 1067 3103 1264 3164; x_wconf 89' lang='lat' dir='ltr'><strong>munitionem.</strong></span> 
     </span>
     <span class='ocr_line' id='line_1_29' title="bbox 187 3202 1301 3278; baseline 0 -16"><span class='ocrx_word' id='word_1_221' title='bbox 187 3203 233 3265; x_wconf 88' lang='lat' dir='ltr'><strong>Ita</strong></span> <span class='ocrx_word' id='word_1_222' title='bbox 254 3206 368 3265; x_wconf 89' lang='lat' dir='ltr'><strong>minora</strong></span> <span class='ocrx_word' id='word_1_223' title='bbox 391 3208 484 3264; x_wconf 91' lang='lat' dir='ltr'><strong>castra</strong></span> <span class='ocrx_word' id='word_1_224' title='bbox 511 3203 624 3264; x_wconf 87' lang='lat' dir='ltr'><strong>inclusa</strong></span> <span class='ocrx_word' id='word_1_225' title='bbox 645 3203 806 3263; x_wconf 90' lang='lat' dir='ltr'><strong>maioribus</strong></span> <span class='ocrx_word' id='word_1_226' title='bbox 832 3202 939 3262; x_wconf 89' lang='lat' dir='ltr'><strong>castelli</strong></span> <span class='ocrx_word' id='word_1_227' title='bbox 966 3207 1054 3278; x_wconf 89' lang='lat' dir='ltr'><strong>atque</strong></span> <span class='ocrx_word' id='word_1_228' title='bbox 1076 3203 1148 3264; x_wconf 89' lang='lat' dir='ltr'><strong>arcis</strong></span> <span class='ocrx_word' id='word_1_229' title='bbox 1169 3204 1262 3264; x_wconf 91' lang='lat' dir='ltr'><strong>locum</strong></span> <span class='ocrx_word' id='word_1_230' title='bbox 1286 3213 1301 3262; x_wconf 79' lang='lat'><strong>5</strong></span> 
     </span>
     <span class='ocr_line' id='line_1_30' title="bbox 187 3303 1301 3382; baseline -0.002 -16"><span class='ocrx_word' id='word_1_231' title='bbox 187 3308 365 3369; x_wconf 91' lang='lat' dir='ltr'><strong>obtinebant.</strong></span> <span class='ocrx_word' id='word_1_232' title='bbox 408 3307 482 3367; x_wconf 88' lang='lat' dir='ltr'><strong>Item</strong></span> <span class='ocrx_word' id='word_1_233' title='bbox 504 3306 542 3366; x_wconf 90' lang='lat' dir='ltr'><strong>ab</strong></span> <span class='ocrx_word' id='word_1_234' title='bbox 569 3307 677 3382; x_wconf 82' lang='lat' dir='ltr'><strong>angulo</strong></span> <span class='ocrx_word' id='word_1_235' title='bbox 700 3310 858 3366; x_wconf 88' lang='lat' dir='ltr'><strong>castrorum</strong></span> <span class='ocrx_word' id='word_1_236' title='bbox 883 3303 997 3365; x_wconf 90' lang='lat' dir='ltr'><strong>sinistro</strong></span> <span class='ocrx_word' id='word_1_237' title='bbox 1019 3305 1207 3366; x_wconf 86' lang='lat' dir='ltr'><strong>munitionem</strong></span> <span class='ocrx_word' id='word_1_238' title='bbox 1228 3307 1266 3366; x_wconf 90' lang='lat' dir='ltr'><strong>ad</strong></span> <span class='ocrx_word' id='word_1_239' title='bbox 1286 3315 1301 3364; x_wconf 79' lang='lat' dir='ltr'><strong>a</strong></span> 
     </span>
     <span class='ocr_line' id='line_1_31' title="bbox 186 3408 1264 3487; baseline -0.002 -17"><span class='ocrx_word' id='word_1_240' title='bbox 186 3413 298 3470; x_wconf 87' lang='lat' dir='ltr'><strong>flumen</strong></span> <span class='ocrx_word' id='word_1_241' title='bbox 325 3410 500 3486; x_wconf 85' lang='lat' dir='ltr'><strong>perduxerat</strong></span> <span class='ocrx_word' id='word_1_242' title='bbox 521 3409 632 3470; x_wconf 87' lang='lat' dir='ltr'><strong>circiter</strong></span> <span class='ocrx_word' id='word_1_243' title='bbox 653 3426 792 3486; x_wconf 90' lang='lat' dir='ltr'><strong>passuum</strong></span> <span class='ocrx_word' id='word_1_244' title='bbox 814 3425 899 3487; x_wconf 82' lang='lat' dir='ltr'><strong>ccco,</strong></span> <span class='ocrx_word' id='word_1_245' title='bbox 927 3426 986 3484; x_wconf 92' lang='lat' dir='ltr'><strong>quo</strong></span> <span class='ocrx_word' id='word_1_246' title='bbox 1008 3408 1125 3468; x_wconf 85' lang='lat' dir='ltr'><strong>liberius</strong></span> <span class='ocrx_word' id='word_1_247' title='bbox 1147 3426 1182 3469; x_wconf 92' lang='lat' dir='ltr'><strong>ac</strong></span> <span class='ocrx_word' id='word_1_248' title='bbox 1202 3408 1264 3468; x_wconf 87' lang='lat' dir='ltr'><strong>sius</strong></span> 
     </span>
     <span class='ocr_line' id='line_1_32' title="bbox 187 3511 1263 3588; baseline -0.003 -16"><span class='ocrx_word' id='word_1_249' title='bbox 187 3512 315 3587; x_wconf 90' lang='lat' dir='ltr'><strong>periculo</strong></span> <span class='ocrx_word' id='word_1_250' title='bbox 344 3513 450 3572; x_wconf 89' lang='lat' dir='ltr'><strong>milites</strong></span> <span class='ocrx_word' id='word_1_251' title='bbox 483 3516 668 3588; x_wconf 88' lang='lat' dir='ltr'><strong>aquareutur.</strong></span> <span class='ocrx_word' id='word_1_252' title='bbox 711 3511 769 3571; x_wconf 86' lang='lat' dir='ltr'><strong>Sed</strong></span> <span class='ocrx_word' id='word_1_253' title='bbox 797 3511 821 3571; x_wconf 91' lang='lat' dir='ltr'><strong>is</strong></span> <span class='ocrx_word' id='word_1_254' title='bbox 853 3528 970 3586; x_wconf 90' lang='lat' dir='ltr'><strong>quoque</strong></span> <span class='ocrx_word' id='word_1_255' title='bbox 1001 3515 1113 3570; x_wconf 91' lang='lat' dir='ltr'><strong>mutato</strong></span> <span class='ocrx_word' id='word_1_256' title='bbox 1143 3511 1263 3570; x_wconf 88' lang='lat' dir='ltr'><strong>consilio</strong></span> 
     </span>
     <span class='ocr_line' id='line_1_33' title="bbox 190 3613 1263 3692; baseline -0.001 -18"><span class='ocrx_word' id='word_1_257' title='bbox 190 3613 364 3690; x_wconf 87' lang='lat' dir='ltr'><strong>quibusdam</strong></span> <span class='ocrx_word' id='word_1_258' title='bbox 387 3613 556 3692; x_wconf 80' lang='lat' dir='ltr'><strong>decausis,</strong></span> <span class='ocrx_word' id='word_1_259' title='bbox 585 3631 658 3690; x_wconf 88' lang='lat' dir='ltr'><strong>quas</strong></span> <span class='ocrx_word' id='word_1_260' title='bbox 680 3613 896 3673; x_wconf 90' lang='lat' dir='ltr'><strong>commemorari</strong></span> <span class='ocrx_word' id='word_1_261' title='bbox 921 3631 1037 3674; x_wconf 87' lang='lat' dir='ltr'><strong>necesse</strong></span> <span class='ocrx_word' id='word_1_262' title='bbox 1062 3630 1121 3673; x_wconf 92' lang='lat' dir='ltr'><strong>nou</strong></span> <span class='ocrx_word' id='word_1_263' title='bbox 1143 3618 1201 3689; x_wconf 89' lang='lat' dir='ltr'><strong>est,</strong></span> <span class='ocrx_word' id='word_1_264' title='bbox 1229 3631 1263 3673; x_wconf 91' lang='lat' dir='ltr'><strong>eo</strong></span> 
     </span>
     <span class='ocr_line' id='line_1_34' title="bbox 189 3714 1299 3794; baseline -0.002 -20"><span class='ocrx_word' id='word_1_265' title='bbox 189 3717 253 3777; x_wconf 92' lang='lat' dir='ltr'><strong>loco</strong></span> <span class='ocrx_word' id='word_1_266' title='bbox 282 3720 450 3776; x_wconf 82' lang='lat' dir='ltr'><strong>excesserat</strong></span> <span class='ocrx_word' id='word_1_267' title='bbox 493 3716 540 3775; x_wconf 92' lang='lat' dir='ltr'><strong>Ita</strong></span> <span class='ocrx_word' id='word_1_268' title='bbox 567 3715 728 3791; x_wconf 89' lang='lat' dir='ltr'><strong>complures</strong></span> <span class='ocrx_word' id='word_1_269' title='bbox 754 3714 814 3776; x_wconf 84' lang='lat' dir='ltr'><strong>dies</strong></span> <span class='ocrx_word' id='word_1_270' title='bbox 841 3715 939 3775; x_wconf 88' lang='lat' dir='ltr'><strong>inania</strong></span> <span class='ocrx_word' id='word_1_271' title='bbox 964 3720 1131 3776; x_wconf 91' lang='lat' dir='ltr'><strong>manserant</strong></span> <span class='ocrx_word' id='word_1_272' title='bbox 1156 3721 1299 3794; x_wconf 77' lang='lat' dir='ltr'><strong>castra37</strong></span> 
     </span>
     <span class='ocr_line' id='line_1_35' title="bbox 188 3817 883 3894; baseline 0.001 -18"><span class='ocrx_word' id='word_1_273' title='bbox 188 3819 363 3879; x_wconf 86' lang='lat' dir='ltr'><strong>munitiones</strong></span> <span class='ocrx_word' id='word_1_274' title='bbox 383 3817 499 3893; x_wconf 86' lang='lat' dir='ltr'><strong>quidem</strong></span> <span class='ocrx_word' id='word_1_275' title='bbox 522 3835 622 3878; x_wconf 86' lang='lat' dir='ltr'><strong>omues</strong></span> <span class='ocrx_word' id='word_1_276' title='bbox 643 3817 773 3894; x_wconf 86' lang='lat' dir='ltr'><strong>integrae</strong></span> <span class='ocrx_word' id='word_1_277' title='bbox 794 3822 883 3878; x_wconf 92' lang='lat' dir='ltr'><strong>erant.</strong></span> 
     </span>
    </p>
   </div>
   <div class='ocr_carea' id='block_1_3' title="bbox 0 0 1490 4506">
    <p class='ocr_par' dir='ltr' id='par_1_5' title="bbox 0 0 1490 4506">
     <span class='ocr_line' id='line_1_36' title="bbox 0 0 1490 4506; baseline 0 0"><span class='ocrx_word' id='word_1_278' title='bbox 0 0 1490 4506; x_wconf 95' lang='lat' dir='ltr'><strong> </strong></span> 
     </span>
    </p>
   </div>
  </div>
 </body>
</html>
