2960 4500
632 229 682 287 111.
702 233 778 284 2-7.
1206 229 1246 288 65

166 407 396 482 mercennarios,
429 407 540 482 partim
567 407 691 482 imperio
726 408 778 465 aut
810 404 911 479 gratia
942 410 1143 481 comparatos,
1177 403 1249 465 item

166 508 348 585 Macedones,
371 509 532 570 Thessalos
555 527 589 570 ao
611 509 793 582 reliquarum
815 507 949 582 gentium
971 512 1001 565 et
1016 508 1172 567 civitatum
1194 553 1248 569 ...

167 611 318 671 adiecerat
345 618 435 685 atque
462 629 542 686 eum,
569 628 654 686 quem
685 627 776 685 supra
797 610 1072 686 demonstravimus,
1094 627 1248 672 numerum

167 713 346 787 expleverat

253 810 286 880 5.
307 815 464 878 Frumenti
486 818 547 878 vim
567 817 725 876 maximam
747 833 784 886 ex
806 815 978 891 Thessalia,
998 815 1080 892 Asia,
1102 816 1248 894 Aegypto,
1289 828 1292 832 ’

168 915 266 994 Creta
289 916 414 992 cyrenis
436 919 616 993 reliquisque
637 919 809 993 regionibus
830 923 1063 992 compmverat.
1110 917 1249 978 Hiemare
1262 924 1287 991 ,i

167 1017 338 1096 Dyrrachii,
360 1021 536 1096 Apolloniae
565 1023 755 1096 omnibusque
777 1020 892 1096 oppidis
913 1021 1069 1080 maritimis
1091 1022 1250 1080 constituo·

168 1128 230 1199 rat,
253 1129 287 1184 ut
308 1140 389 1184 mare
411 1125 541 1184 transire
562 1123 718 1184 Gaesarem
742 1123 923 1199 prohiberet,
952 1124 1072 1197 eiusque
1094 1125 1138 1183 rei
1161 1140 1251 1184 causa

168 1227 247 1286 omni
274 1243 329 1286 ora
356 1227 507 1288 maritima
537 1227 659 1286 classem
685 1226 877 1301 disposuerat
922 1225 1065 1286 Praeerat
1092 1227 1288 1302 Aegyptios

169 1329 295 1388 navibus
323 1328 477 1403 Pompeius
505 1329 599 1404 filius,
628 1329 768 1388 Asiaticis
795 1328 832 1387 D.
854 1327 975 1388 Laelius
998 1335 1029 1386 et
1050 1327 1081 1389 (i.
1104 1329 1251 1406 Triarius,

170 1430 302 1505 Syriacis
335 1429 366 1490 G.
394 1429 527 1506 Cassius,
558 1429 683 1490 Rhodiis
711 1429 741 1490 O.
769 1430 927 1490 Marcellus
956 1446 1021 1490 cum
1036 1439 1038 1444 “
1054 1429 1085 1491 O.
1114 1431 1251 1508 Coponio,

169 1533 348 1592 Liburnicae
359 1539 448 1608 atque
462 1533 609 1594 Aobaime
624 1533 712 1592 classi
723 1531 893 1593 Scribonius
908 1533 983 1593 Libo
998 1539 1030 1593 et
1044 1533 1082 1593 Μ.
1099 1532 1252 1595 Octavius.

170 1635 241 1695 Toti
266 1640 364 1696 tamen
392 1637 489 1697 officio
521 1635 669 1696 maritimo
702 1636 740 1696 M.
766 1636 892 1696 Bibulus
923 1637 1112 1710 praepositus
1147 1642 1290 1696 cunctat

171 1739 416 1813 administrabat3
440 1739 576 1799 adhunc
598 1755 710 1798 summa
733 1739 851 1813 imperii
872 1739 1058 1812 respiciebat.

260 1835 294 1906 6.
317 1839 435 1916 Caesar,
457 1846 492 1899 ut
506 1827 697 1899 Brundisium
712 1840 803 1914 veuit,
826 1841 1012 1899 contionatus
1036 1840 1115 1915 apud
1136 1839 1254 1915 militas,

176 1944 313 2017 quoniam
333 1959 426 2017 prope
441 1942 478 2003 ad
500 1943 588 2002 finem
609 1942 743 2001 laborum
758 1957 793 2000 ac
809 1942 1008 2016 periculorum
1030 1947 1109 2001 esset
1129 1957 1255 2017 perven-

174 2051 245 2122 tum,
268 2061 360 2119 aequo
383 2044 479 2104 auimo
500 2043 648 2119 mancipia
670 2048 757 2117 atque
778 2043 988 2118 impedimenta
1008 2045 1040 2102 in
1054 2044 1144 2104 Italia
1164 2045 1255 2104 reliu-

176 2152 310 2222 quereut,
332 2147 390 2222 ipsi
412 2146 543 2221 expediti
564 2162 656 2206 naves
670 2146 906 2221 conscenderent,
928 2161 985 2219 qno
1000 2145 1095 2205 maior
1116 2163 1255 2207 numerus
1305 2206 1315 2216 N

175 2250 300 2310 militum
311 2255 411 2324 posset
425 2249 543 2325 imponi,
558 2249 712 2322 omniaque
728 2265 765 2307 ex
780 2248 907 2308 victoria
918 2251 947 2308 et
958 2265 994 2307 ox
1006 2265 1060 2308 sua
1071 2249 1256 2310 liberalitate

177 2355 342 2428 sperarent,
376 2352 624 2412 conclamantibus
657 2351 804 2427 omnibus,
837 2351 1014 2426 imperaret,
1046 2352 1124 2424 quod
1155 2353 1295 2413 venece

178 2454 376 2528 quodcumque
391 2455 605 2529 imperavisset,
628 2471 660 2514 se
675 2469 767 2526 aequo
782 2453 879 2512 auimo
895 2469 959 2512 esse
974 2453 1114 2529 facturos,
1135 2472 1168 2514 11.
1182 2454 1257 2514 Nou.

178 2555 241 2614 Ian
284 2571 376 2615 naves
397 2556 495 2614 solvit.
517 2555 688 2630 Impositos,
718 2560 753 2613 ut
774 2570 865 2628 supra
886 2554 1117 2616 demonstratum
1140 2561 1192 2631 est,
1215 2556 1257 2614 le-

179 2657 349 2742 gionesum
381 2655 530 2716 Postridie
551 2662 663 2716 terram
679 2657 787 2732 attigit,
810 2655 1022 2716 Cerauniorum
1041 2674 1114 2716 saxa
1128 2658 1208 2717 inter
1229 2663 1260 2716 et
1280 2666 1296 2716 u

179 2759 241 2820 alia
260 2759 326 2818 loca
347 2758 512 2833 periculosa
533 2759 663 2832 quietam
677 2764 783 2818 nactus
797 2759 966 2835 stationam,
991 2765 1022 2818 et
1042 2764 1146 2834 portus
1160 2777 1259 2820 omnes

179 2862 292 2937 fimena
315 2860 392 2934 quod
406 2861 504 2920 tenori
518 2861 554 2920 ab
570 2860 754 2921 adversmm
767 2861 999 2938 arbitrabantur,
1023 2861 1061 2920 ad
1076 2879 1140 2922 eum
1155 2863 1259 2939 locum,

181 2965 232 3037 qui
242 2964 450 3039 appellabatur
462 2963 608 3038 Palaeste,
622 2962 757 3022 omuibus
770 2964 896 3024 navibus
910 2963 948 3022 ad
962 2981 1052 3024 unam
1066 2965 1261 3025 incolumibus

181 3065 292 3124 milites
314 3065 458 3138 exposuit.

267 3159 301 3232 7.
322 3165 400 3226 Erat
422 3165 503 3226 Orici
521 3165 680 3226 Lucretius
703 3165 833 3240 Vespillo
855 3171 886 3225 et
907 3165 1053 3226 Minucius
1075 3167 1172 3228 Rufus
1194 3185 1259 3228 oum

182 3266 327 3330 Asiaticis.
355 3268 481 3328 navibus
513 3284 602 3343 xum,
639 3269 745 3342 quibus
780 3269 862 3328 iussu
894 3267 931 3327 D.
964 3267 1062 3327 Laelii
1093 3276 1261 3346 praeerant,

183 3369 222 3430 ll.
237 3369 363 3430 Bibulus
384 3385 449 3429 cum
471 3370 597 3430 navibus
619 3387 656 3430 ox
671 3369 826 3444 corcyrae.
860 3369 917 3430 Sed
932 3386 1026 3444 neque
1048 3371 1094 3430 illi
1117 3371 1174 3431 sibi
1195 3379 1298 3432 oon-u

184 3472 233 3532 fisi
253 3487 290 3530 ex
310 3477 400 3546 portu
420 3472 540 3547 prodire
561 3477 630 3532 suut
651 3473 723 3548 ausi,
750 3489 814 3532 oum
837 3471 947 3533 Caesar
967 3473 1084 3532 omnino
1105 3491 1151 3532 m
1171 3491 1263 3535 naves

184 3574 290 3647 longas
310 3573 458 3648 pracsidio
474 3574 614 3651 duxisset,
636 3575 669 3634 in
685 3575 792 3649 quibus
806 3581 894 3634 eraut
908 3579 1075 3634 constratae
1089 3593 1146 3652 nn,
1169 3593 1263 3650 neque
1284 3584 1299 3634 8

184 3675 311 3736 Bibulus
331 3676 479 3751 impeditis
500 3677 628 3738 navibus
648 3677 846 3753 dispersisque
872 3679 1033 3752 remigibus
1055 3679 1127 3738 satis
1148 3684 1264 3739 mature

186 3779 330 3854 occurrit,
360 3779 438 3852 quod
459 3781 543 3854 prius
564 3781 602 3839 ad
624 3781 824 3840 continentem
852 3779 934 3839 visus
955 3785 1002 3839 est
1023 3779 1147 3856 Caesar,
1176 3796 1263 3854 quam

187 3877 223 3938 de
246 3879 310 3939 eius
330 3880 461 3942 adventu
482 3884 562 3942 fama
583 3883 701 3943 omnino
722 3883 754 3940 in
775 3897 826 3941 eas
847 3883 984 3955 regiones
1003 3883 1197 3956 perferretur.

240 3983 321 4028 Caesar
333 3984 360 4028 B.
375 3983 423 4030 (liv.
437 3986 467 4030 sd
481 3986 510 4029 li.
520 3985 612 4031 usuca.
1095 3983 1110 4032 5
