2964 4506
617 259 668 314 111.
688 263 796 314 7943.
1181 255 1241 314 101

170 436 333 496 rumoribus
360 439 458 513 portas
486 437 650 496 clauserunt
677 451 833 510 murosque
865 432 982 493 armatis
1013 431 1243 508 compleverunt3

170 539 222 598 sed
242 543 343 614 postea
364 556 432 598 casu
455 539 579 600 eivimtis
602 537 793 614 Gomphensis
815 535 930 612 cognito
953 553 990 595 ex
1011 535 1149 611 captivis,
1171 551 1245 609 quos

173 639 277 702 (laeum
305 641 343 700 ad
372 660 487 702 murum
514 641 715 716 producendos
744 643 908 715 curaverat,
934 643 1032 714 portas
1060 641 1244 714 aperuerunt

172 741 285 815 Quibus
307 742 521 819 diligentissime
543 743 731 818 conservatis,
758 742 871 802 conlata
892 740 1011 802 fortuna
1031 740 1245 818 Metropolitum
1266 743 1281 792 2

172 863 237 905 oum
266 863 334 906 casu
367 844 611 922 Gomphensium,
639 845 720 904 nulla
740 843 907 904 Thessaliae
932 843 988 904 fnit
1008 843 1111 904 evius
1132 847 1246 920 praeter

173 947 338 1024 Iarisaeos,
371 948 422 1023 qui
452 949 567 1024 magnis
595 947 766 1008 exercitibus
793 946 934 1022 Scipionis
959 947 1145 1021 tenebantur,
1177 943 1246 1020 quin

176 1048 291 1110 Caesari
312 1054 426 1126 pareret
447 1054 536 1126 atque
556 1049 698 1127 imperata
718 1047 834 1110 faceret.
868 1049 921 1108 Ille
942 1047 1079 1108 idoneum
1101 1049 1195 1108 locum
1217 1046 1248 1104 in
1269 1055 1284 1106 3

175 1151 251 1226 agris
279 1156 395 1228 nactus,
426 1170 485 1227 qua
505 1169 597 1229 prope
617 1151 676 1210 iam
697 1155 812 1212 matura
839 1154 921 1212 erant
947 1149 1108 1225 frumenta,
1136 1148 1177 1208 ibi
1199 1148 1247 1207 ad-

172 1258 291 1312 ventum
314 1259 480 1330 exspectare
495 1255 617 1331 Pompei
631 1272 725 1330 eoque
738 1272 854 1314 omnem
875 1253 943 1314 belli
955 1253 1096 1313 rohonem
1118 1250 1248 1312 conferre

173 1357 330 1415 constituit.

257 1450 313 1518 82.
337 1456 491 1534 Pompeius
520 1459 620 1534 paucis
647 1429 714 1536 pirst
734 1459 837 1520 diebus
865 1460 896 1517 in
917 1456 1096 1517 Thessaliam
1118 1455 1249 1534 pervenit

176 1559 415 1634 contionatusque
437 1560 516 1636 apud
537 1565 672 1622 cunctum
694 1561 850 1622 exereitum
871 1559 930 1620 suis
952 1559 1013 1636 agit
1040 1559 1162 1636 gratias,
1193 1557 1250 1618 Sci·

176 1661 269 1736 pionis
290 1661 395 1721 milites
410 1662 584 1740 cohortatur,
607 1669 640 1722 ut
661 1667 745 1740 parta
759 1662 817 1721 iarn
836 1661 956 1722 victoria
976 1661 1101 1738 praedas
1116 1679 1150 1720 ae
1170 1676 1250 1736 prae·

175 1763 297 1822 mierum
319 1763 409 1824 velint
423 1781 485 1824 esse
506 1764 672 1840 participes,
694 1765 873 1840 receptisque
888 1763 1022 1824 omnibns
1034 1763 1064 1822 in
1078 1780 1138 1822 una
1159 1766 1252 1822 castra

174 1865 336 1942 legionibus
362 1883 447 1925 suum
476 1885 542 1927 curn
566 1867 699 1943 Scipione
725 1866 863 1928 honorem
885 1867 1017 1943 partitur
1044 1866 1252 1939 classicumque

175 1966 253 2043 apud
276 1985 342 2028 eum
365 1967 429 2027 cani
450 1973 480 2028 et
500 1969 621 2028 alterum
649 1969 690 2028 illi
712 1969 793 2029 iubet
819 1969 997 2044 praetorium
1019 1967 1107 2027 madi.
1151 1965 1286 2025 Auctis2

178 2069 266 2144 copiis
288 2069 408 2146 Pompei
430 2069 603 2147 duobusque
624 2071 737 2147 magnis
758 2071 929 2132 exercitibus
951 2069 1109 2130 coniunctis
1132 2067 1253 2146 pristina

178 2170 307 2231 omnium
329 2170 517 2232 confirmatur
539 2173 636 2250 opinio
659 2179 688 2234 et
708 2190 776 2248 spes
797 2173 934 2234 victoriae
956 2176 1080 2249 augetur
1101 2171 1189 2242 adeo,
1211 2176 1252 2248 ut,

175 2273 312 2348 quioquid
333 2273 520 2334 intercederet
542 2275 686 2353 temporis,
709 2275 739 2334 id
754 2276 859 2336 morari
876 2275 1001 2336 reditum
1022 2275 1053 2334 in
1076 2275 1190 2334 Italiam
1212 2273 1253 2332 vi-

174 2374 304 2452 deretur,
333 2381 363 2436 et
383 2377 407 2436 si
430 2378 547 2452 qnando
570 2378 639 2454 qnid
661 2379 816 2456 Pompeius
844 2379 953 2439 tardius
974 2383 1026 2438 ant
1048 2377 1254 2438 consideratius
1275 2384 1290 2434 3

175 2474 290 2554 faceret,
313 2479 398 2538 unius
420 2497 482 2539 esse
496 2480 644 2554 negotium
667 2481 810 2556 diei,sed
824 2480 906 2540 illum
928 2481 1062 2541 delectari
1084 2479 1202 2557 imperio
1225 2484 1254 2538 et

176 2581 339 2639 consulares
374 2581 592 2657 praetoriosque
628 2599 777 2642 servorum
818 2583 925 2643 hahere
960 2599 1080 2642 numero
1117 2583 1254 2642 dicerent.

179 2679 300 2755 Iamque
321 2681 396 2741 inter
416 2700 448 2742 se
469 2684 566 2759 palam
589 2683 625 2742 de
646 2685 789 2759 praeturis
804 2702 839 2745 ae
860 2684 897 2744 de
917 2684 1082 2746 sacerdotiis
1105 2683 1255 2762 contende
1277 2689 1292 2738 4

179 2781 251 2842 bant
271 2781 301 2842 in
324 2801 474 2859 annosque
495 2785 676 2845 consulatum
705 2783 899 2862 definiebant,
926 2785 975 2844 alii
996 2786 1097 2846 domos
1119 2786 1254 2860 bonaque

176 2901 285 2963 eorum,
307 2885 357 2961 qui
379 2887 410 2946 in
432 2888 533 2948 castris
555 2892 637 2948 erant
651 2887 788 2964 damaris
811 2888 964 2966 petebant3
993 2905 1158 2964 magnaque
1179 2888 1255 2946 inter
1277 2891 1292 2941 5

176 3003 226 3046 eos
248 2989 279 3048 in
302 2988 422 3048 oonsilio
444 2988 502 3050 fuit
525 2991 729 3068 controversia,
752 2995 935 3067 oporteretne
949 2990 1050 3050 Lucili
1066 2989 1153 3068 Hirri,
1175 2990 1254 3066 quod

179 3089 203 3148 is
225 3089 397 3165 aPompeio
420 3089 457 3149 ad
473 3089 595 3150 Parthos
617 3090 720 3150 missus
741 3095 824 3168 esset,
845 3091 984 3166 proximis
1006 3091 1129 3151 comitiis
1143 3096 1255 3169 praeto·

177 3192 229 3250 riis
245 3191 374 3251 absentis
389 3192 529 3254 rationem
551 3192 659 3268 haberi,
682 3211 748 3252 cum
763 3193 823 3253 eius
840 3193 990 3254 necessarii
1012 3192 1102 3253 fidem
1122 3195 1255 3269 implora-

177 3298 241 3352 rent
264 3294 399 3371 Pompei,
422 3299 595 3371 praestaret,
626 3295 704 3371 quod
725 3294 917 3373 proficiscenti
944 3296 1109 3370 recepisset,
1142 3313 1179 3355 ne
1204 3312 1257 3372 per
1297 3371 1301 3376 .

178 3396 240 3453 eins
263 3396 464 3456 auctoritatem
486 3396 623 3472 deceptus
645 3397 801 3473 videretur,
823 3397 941 3473 reliqui,
968 3397 997 3456 in
1019 3398 1118 3457 labora
1138 3397 1201 3474 pari
1223 3415 1258 3458 ao

179 3496 309 3570 periculo
332 3515 369 3556 ne
392 3515 469 3556 unus
490 3516 590 3559 omnes
613 3499 802 3576 antecederet,
824 3505 996 3562 recusarent

265 3593 324 3662 83.
348 3599 409 3658 lam
432 3599 468 3659 de
489 3601 647 3661 sacerdotio
670 3601 801 3662 (laeseris
818 3602 972 3672 Domitius,
995 3601 1090 3679 Scipio
1113 3600 1257 3678 Spinther-

179 3717 236 3775 que
250 3700 390 3760 Lentulus
412 3701 560 3761 cotidianis
582 3702 814 3763 contentionibus
837 3704 873 3763 ad
896 3705 1079 3780 gravissimas
1100 3705 1255 3764 verborum

179 3802 365 3862 contumelias
386 3803 483 3879 palam
505 3804 721 3880 descenderunt,
743 3824 809 3866 oum
831 3806 970 3866 lentulus
992 3807 1093 3866 aetatis
1118 3806 1256 3867 honorem

179 3908 349 3979 ostentaret,
381 3905 525 3966 Domitius
554 3908 696 3968 urbanam
723 3909 846 3984 gratiam
875 3908 1103 3984 dignitatemque
1131 3909 1257 3988 iactaret,
