2964 4506
260 263 299 321 76
628 263 680 317 DE
698 262 814 319 BELLO
833 261 948 318 01va

258 441 407 499 coniectae
428 455 493 498 cum
507 440 690 514 ignorarent,
707 455 791 512 quem
806 439 900 497 locum
916 438 1048 511 reliquae
1064 439 1219 513 cepissent,
1234 443 1343 497 contra

221 549 235 599 2
257 541 374 601 Lissum
394 542 427 600 in
441 541 557 600 ancoris
572 541 777 600 constiterunt.
810 539 874 599 Has
889 540 1006 614 scaphis
1020 540 1239 613 minoribusque
1254 541 1341 600 nevi·

258 645 316 718 giis
337 643 536 717 compluribus
550 643 687 702 immissis
703 641 848 702 Otacilius
863 641 995 718 Crassus,
1018 643 1069 716 qui
1088 643 1168 714 Lissi
1189 649 1339 718 praeerat,

259 762 430 820 expugnare
452 746 594 819 parabam
617 746 704 806 simul
726 744 762 804 de
785 744 932 805 deditione
954 761 1054 804 eorum
1076 746 1186 818 agebat
1208 751 1239 804 et
1259 745 1340 811 inco·

219 849 423 908 elumitatem
444 847 553 908 deditis
574 848 779 922 pollicebatur.
824 847 939 906 Herum
967 848 1064 906 altera
1092 844 1203 924 [navis]
1225 865 1300 907 ooxx
1322 865 1339 906 e

256 949 373 1024 legione
387 951 517 1009 tironum
537 951 708 1025 sustulerat,
731 950 829 1008 ultera
850 967 887 1009 ex
908 956 1053 1010 veterana
1073 949 1162 1024 paulo
1184 949 1280 1009 miuus
1295 967 1338 1010 oc.

220 1060 235 1112 l
257 1051 315 1111 Hic
328 1053 465 1125 cognosci
486 1053 579 1127 licuit,
603 1057 746 1126 quantum
763 1056 844 1110 esset
865 1051 1031 1110 hominibus
1045 1051 1187 1126 praesidii
1201 1052 1340 1110 inanimi

256 1153 446 1213 firmitudine.
478 1153 604 1213 Tirones
617 1153 695 1212 enim
709 1153 899 1212 multitudine
914 1154 1034 1212 navium
1049 1153 1205 1227 perterriti
1221 1158 1252 1211 et
1274 1153 1338 1212 sslo

256 1271 424 1329 nausesque
455 1255 582 1314 coniecti
609 1257 675 1314 inre
706 1255 831 1315 iurando
860 1260 979 1329 eccepto
1011 1255 1087 1314 nihil
1117 1256 1155 1314 iis
1189 1255 1338 1314 nocituros

256 1359 356 1416 hostes
388 1373 420 1416 se
448 1355 573 1416 Otacilio
602 1357 790 1432 dediderunt;
823 1357 874 1431 qui
909 1373 1009 1416 omues
1035 1357 1073 1416 sd
1105 1373 1171 1415 eum
1202 1357 1339 1431 producti

257 1465 361 1518 contre
383 1459 558 1532 religionem
579 1460 655 1518 iuris
676 1459 796 1519 iurandi
818 1461 849 1518 in
871 1459 935 1518 eius
957 1464 1114 1533 conspectu
1136 1459 1337 1518 crudelissime

219 1569 234 1619 t
255 1560 483 1620 interficiuntur.
513 1561 556 1620 At
570 1562 878 1635 veteranse-legionis
900 1561 1018 1637 milites,
1040 1562 1112 1621 item
1127 1561 1292 1620 conflictati
1307 1566 1338 1620 et

256 1663 443 1738 tempestatis
470 1669 502 1722 et
529 1663 662 1722 sentinae
690 1663 789 1739 vitiis,
816 1680 910 1737 neque
937 1680 973 1722 ex
999 1665 1129 1738 pristine
1155 1665 1269 1724 virtute
1290 1679 1337 1722 re·

256 1761 431 1825 mittendum
460 1765 572 1839 aliquid
598 1770 780 1840 putaverunt
814 1771 843 1827 et
868 1767 1034 1827 tractandis
1063 1766 1280 1826 condicionibus
1308 1769 1338 1824 et

257 1869 444 1927 simulatione
473 1868 630 1928 deditionis
659 1873 794 1928 extracto
825 1869 921 1942 primo
949 1869 1042 1929 noctis
1069 1875 1201 1944 tempore
1229 1869 1337 1942 guber·

220 1976 391 2029 cnutonem
413 1971 445 2029 in
467 1974 577 2030 terrem
598 1986 705 2030 navem
730 1969 826 2030 eicere
852 1977 977 2047 cogunt,
1005 1971 1064 2045 ipsi
1084 1971 1221 2030 idoneum
1241 1971 1336 2028 locum

256 2075 337 2132 nacti
365 2075 510 2147 reliquam
539 2073 633 2132 noctis
660 2079 778 2148 partem
803 2073 846 2132 ibi
874 2075 1064 2133 coniecerunt
1088 2079 1120 2132 et
1148 2075 1214 2132 luce
1239 2073 1336 2147 prima

256 2169 353 2234 missis
380 2175 418 2234 sd
445 2191 495 2234 eos
522 2176 559 2234 ab
589 2174 717 2234 Otacilio
744 2175 905 2250 equitibus,
939 2176 990 2248 qni
1022 2192 1086 2235 eam
1117 2180 1234 2250 partem
1266 2190 1336 2232 orec

255 2276 422 2334 maritimae
451 2275 665 2352 adservabant,
700 2277 821 2336 circiter
850 2294 919 2337 occo
945 2278 1053 2352 quique
1080 2294 1131 2338 eos
1159 2276 1267 2337 armati
1299 2292 1337 2334 ex

252 2377 401 2452 praesidio
433 2378 525 2437 secuti
558 2384 641 2452 sunt,
677 2393 708 2436 se
735 2377 932 2437 defenderunt
959 2383 988 2439 et
1019 2397 1078 2438 non
1110 2379 1201 2440 nullis
1234 2393 1335 2438 eorum

257 2479 425 2539 interiectis
447 2481 606 2540 incolumes
629 2497 661 2542 se
683 2481 720 2540 ad
742 2485 859 2540 nostros
881 2487 1065 2556 receperunt.

338 2576 397 2647 29.
420 2583 483 2655 Quo
505 2584 585 2644 lecto
608 2589 770 2644 conventus
792 2584 900 2644 civium
914 2583 1121 2660 Romanorum
1145 2585 1195 2659 qui
1216 2585 1335 2643 Lissum

252 2686 433 2762 obtinebant,
457 2686 534 2760 quod
555 2687 693 2761 oppidum
715 2688 753 2746 iis
768 2692 857 2746 antea
872 2686 982 2746 Caesar
1003 2687 1187 2746 attribueret
1201 2687 1334 2744 munien-

252 2788 377 2861 dumque
398 2794 571 2862 cursverst,
594 2788 756 2846 Antonium
785 2789 898 2860 recepit
919 2789 1110 2860 omnibusque
1136 2789 1224 2846 rebus
1246 2789 1333 2847 iuvit.

252 2887 397 2947 Otacilius
419 2888 475 2946 sibi
490 2889 597 2946 timens
612 2904 649 2945 ex
665 2887 770 2961 oppido
792 2887 873 2960 iugit
894 2892 926 2945 et
940 2887 979 2946 ad
993 2887 1164 2961 Pompeium
1185 2889 1333 2960 pervenit.

214 2997 229 3048 2
250 2989 402 3062 Expositis
431 2989 523 3062 copiis
544 2989 707 3065 Antonius,
739 3004 863 3062 quarum
891 2995 959 3048 eret
984 3004 1096 3048 summa
1121 2995 1332 3050 veteranarum

250 3091 342 3149 trium
364 3091 512 3165 legionum
534 3091 679 3165 uniusque
700 3091 830 3150 tironum
853 3097 884 3150 ct
912 3093 1044 3166 equitnm
1065 3108 1151 3167 occo,
1174 3092 1331 3167 plerasque

249 3209 341 3252 naves
363 3194 394 3252 in
409 3193 530 3254 Italiam
552 3195 680 3254 remittit
701 3194 740 3253 sd
761 3195 891 3268 reliquos
910 3195 1018 3254 milites
1040 3195 1211 3268 equitesque
1232 3201 1330 3252 trans-

212 3303 227 3354 3
249 3297 422 3370 portandum
445 3302 596 3374 pontones,
618 3297 695 3370 quod
717 3302 764 3355 est
785 3313 879 3370 genus
901 3298 1021 3356 navium
1037 3296 1227 3372 Gallicorum,
1250 3297 1330 3356 Lissi

249 3399 400 3475 relinquit
424 3399 478 3457 hoc
493 3399 626 3473 consilio,
649 3409 690 3474 ut,
713 3399 740 3457 si
754 3399 832 3457 iorte
847 3398 1004 3473 Pompeius
1018 3415 1142 3459 vacuam
1157 3399 1329 3459 existimans

249 3501 371 3560 Italiam
399 3518 433 3559 eo
461 3487 629 3560 traiecisset
657 3501 832 3576 exercitum,
861 3518 935 3575 quae
962 3503 1061 3576 opinio
1087 3508 1154 3562 erat
1185 3501 1265 3561 edita
1296 3502 1329 3561 in

247 3603 372 3678 uulgus,
403 3602 532 3676 aliquam
554 3602 664 3662 Caesar
695 3603 733 3662 ad
761 3604 970 3677 insequendum
996 3605 1170 3664 facultatem
1195 3604 1326 3680 baberet,

212 3711 228 3761 4
249 3705 426 3778 nuntiosque
449 3704 487 3763 sd
509 3721 575 3764 eum
589 3705 728 3765 celeriter
742 3706 844 3781 mittit,
861 3707 965 3778 quibus
981 3709 1151 3781 regionibus
1166 3709 1327 3767 exercitum

250 3807 433 3881 exposuisset
455 3812 485 3865 et
507 3807 578 3880 quid
599 3808 726 3866 militum
748 3809 970 3868 transvenisset

333 3901 389 3973 30.
411 3908 493 3969 Haec
525 3910 624 3969 eodem
655 3910 719 3969 iere
748 3915 879 3984 tempore
908 3909 1018 3969 Caesar
1050 3916 1139 3984 atque
1168 3910 1326 3985 Pompeius
