2964 4506
640 249 690 304 111.
709 252 801 303 8-10.
1212 247 1251 307 67

175 429 245 502 quid
260 429 425 487 cotidianae
440 425 659 487 consuetudinis
675 425 900 500 desideraretur,
920 425 979 499 ipsi
993 440 1081 483 manu
1096 425 1175 483 iacta
1190 440 1254 484 oum

176 531 221 605 iis,
234 547 305 604 quos
316 547 411 605 nuper
422 530 630 604 liberaverant,
642 527 673 586 in
683 526 817 602 proxima
829 526 948 587 Octavii
959 533 1059 586 eastra
1070 528 1254 601 imuperunt.

176 631 233 691 His
255 633 431 707 expugnatis
460 631 560 690 eodem
581 632 694 705 impetu
723 631 819 690 altera
841 636 911 690 sunt
939 630 1037 688 adorti
1060 623 1143 710 [inde
1164 630 1293 688 tertiat

178 739 208 792 et
230 731 349 811 quarta]
366 738 395 794 et
410 735 545 809 deinceps
560 735 676 807 reliqua
691 733 882 805 omnibusque
893 749 945 792 eos
959 733 1066 791 castris
1078 733 1256 806 expulerunt

64 826 66 829 ’
178 841 209 894 et
230 853 336 910 magno
359 852 479 895 numero
501 836 658 895 interfecto
680 834 808 908 reliquos
830 839 918 908 atque
938 834 1033 909 ipsum
1048 833 1204 894 Octavium
1225 833 1257 892 in

179 954 270 999 neves
296 938 455 1011 confugere
483 942 652 1011 coegerunt.
699 928 769 1018 [Hic
796 937 855 994 tuit
883 935 1108 1010 oppugnationis
1141 925 1295 1015 exitus.]8

179 1038 300 1112 Iamque
329 1040 422 1098 hiems
449 1040 719 1114 adpropinquabat,
747 1043 778 1097 et
805 1037 895 1097 tantis
923 1036 1104 1097 detrimentis
1133 1035 1261 1110 acceptis

181 1139 323 1200 Octavius
350 1141 508 1216 desperata
536 1139 753 1215 oppugnatione
782 1139 878 1214 oppidi
905 1139 1105 1213 Dyrrachium
1137 1154 1201 1196 sese
1223 1137 1261 1196 ad

183 1242 351 1328 Pompeium
373 1244 494 1319 recepit.

267 1337 327 1409 10.
350 1344 624 1403 Demonstravimus
646 1343 680 1403 L.
703 1343 867 1402 Vibullium
888 1343 1013 1418 Rufum,
1036 1341 1155 1416 Pompei
1176 1358 1262 1416 prae·

182 1447 299 1521 fectum,
322 1444 413 1504 bisin
434 1448 610 1520 potestatem
631 1446 802 1519 pervenisse
817 1444 953 1504 Caesaris
973 1448 1060 1518 atquc
1083 1446 1119 1503 ab
1142 1460 1175 1502 eo
1198 1460 1262 1502 esse

184 1545 339 1624 dimissum,
363 1548 453 1606 semel
475 1547 512 1605 ad
535 1545 701 1623 Corfinium,
723 1549 833 1606 iterum
853 1545 884 1605 in
905 1545 1058 1620 Hispania.
1100 1545 1189 1604 Hunc
1210 1550 1299 1618 prol

185 1648 244 1708 suis
265 1649 411 1708 beneficiis
427 1649 537 1709 Caesar
559 1650 694 1709 idoneum
715 1649 907 1724 iudicaverat,
931 1665 1016 1722 quem
1031 1665 1096 1706 cum
1117 1648 1263 1706 mandatis

186 1751 224 1810 ad
245 1750 296 1810 Gn.
323 1751 494 1826 Pompeium
525 1752 672 1826 mitteret,
701 1752 880 1824 eundemque
908 1751 987 1825 apud
1014 1749 1065 1810 (ln.
1092 1750 1262 1823 Pompeium

187 1852 395 1912 auctoritatem
427 1853 537 1911 habere
564 1854 768 1926 intellegebat.
811 1852 889 1912 Erat
917 1859 1017 1912 antem
1049 1853 1122 1912 haec
1154 1857 1302 1910 summat

187 1954 404 2013 mandatorum:
432 1954 538 2012 debere
560 1959 717 2027 utrumque
743 1955 925 2028 pertinaciae
947 1955 1034 2012 finem
1055 1954 1153 2012 iacere
1176 1959 1207 2011 et
1229 1954 1264 2010 ab
1342 1995 1345 1998 -

92 2107 95 2113 .
187 2057 278 2115 armis
300 2056 450 2115 discedere
471 2073 565 2130 neque
587 2055 712 2130 amplius
734 2057 884 2115 fortunam
899 2057 1071 2131 periclitari.
1102 2055 1182 2114 Satis
1204 2069 1268 2113 esse
1290 2060 1304 2110 4

188 2174 297 2231 magna
325 2159 473 2231 utrimque
501 2159 682 2217 incommoda
710 2164 845 2233 accepta,
875 2175 949 2232 quae
977 2175 1032 2233 pro
1061 2156 1214 2232 disciplina
1236 2161 1266 2214 et

189 2260 357 2335 praeceptis
385 2260 494 2319 habere
522 2267 654 2336 possent,
683 2266 718 2319 ut
740 2259 868 2334 reliquos
894 2277 979 2319 casus
1008 2261 1161 2319 timerent:
1184 2258 1303 2318 illum5

189 2362 280 2421 Italia
302 2363 464 2438 expulsum,
487 2364 595 2424 amissa
611 2362 714 2423 Sicilia
729 2369 761 2421 et
776 2361 913 2423 Sardinia
928 2364 1098 2436 duabusque
1113 2361 1266 2435 Hispaniis

190 2468 218 2522 et
250 2465 416 2524 cohortibus
448 2465 479 2522 in
506 2465 598 2523 Italia
630 2471 719 2538 atque
751 2465 898 2538 Hispania
929 2466 1038 2524 civium
1069 2465 1267 2522 Romanorum

192 2569 308 2623 centnm
331 2571 420 2637 atque
442 2582 517 2639 xxx3
547 2572 693 2624 semente
716 2565 852 2624 Curionis
880 2571 911 2622 et
939 2564 1111 2623 detrimento
1133 2564 1267 2623 Africani

191 2667 339 2725 exercitus
355 2671 386 2725 et
408 2667 532 2725 Antonii
546 2665 729 2740 militumque
743 2667 893 2726 deditione
908 2667 947 2725 ad
961 2664 1118 2726 Curictam.
1140 2665 1268 2725 Proinde
1289 2679 1304 2727 6

191 2768 297 2827 sibiae
317 2769 362 2828 rei
384 2769 520 2842 publicae
542 2775 708 2845 parcerent,
733 2786 811 2845 cum,
835 2773 974 2842 quantum
996 2770 1028 2828 in
1049 2769 1126 2828 bello
1148 2769 1267 2827 fortuna

190 2877 296 2946 posset,
319 2870 377 2930 iam
398 2871 455 2947 ipsi
477 2872 665 2931 incommodis
688 2873 749 2930 suis
771 2871 841 2931 satis
867 2878 966 2930 essent
986 2871 1167 2930 documento.
1204 2870 1302 2932 Hoct

190 2988 280 3031 unum
295 2990 358 3032 esse
380 2979 496 3047 tempus
519 2973 554 3031 de
575 2990 647 3046 pace
663 2973 776 3048 agendi,
800 2974 868 3031 dum
890 2975 947 3033 sibi
962 2978 1086 3047 uterque
1109 2973 1269 3032 confideret

192 3079 222 3132 et
237 3090 324 3146 pares
339 3076 425 3133 ambo
440 3074 626 3148 viderentur;
650 3077 675 3133 si
690 3091 760 3135 vero
777 3075 866 3136 alteri
881 3076 1002 3147 paulum
1016 3076 1099 3133 modo
1115 3074 1268 3134 tribuisset

191 3175 321 3251 fortuna,
343 3192 402 3234 non
417 3193 481 3235 esse
495 3191 617 3234 usurum
632 3175 850 3234 condicionibus
863 3175 946 3248 pacis
968 3191 1040 3251 eum,
1064 3177 1113 3248 qui
1136 3176 1269 3250 superior

191 3277 357 3354 videretur,
387 3295 481 3351 neque
507 3278 572 3336 iore
601 3293 695 3350 aequa
720 3283 806 3351 parte
833 3282 1002 3336 contentum
1035 3278 1085 3351 qui
1111 3294 1142 3335 se
1174 3278 1269 3336 omnia

192 3380 362 3438 habiturum
386 3380 553 3440 confideret.
597 3379 788 3439 Condiciones
809 3380 902 3454 pacis,
932 3379 1070 3452 quoniam
1093 3385 1181 3437 antea
1203 3387 1305 3438 con-8

192 3481 295 3539 venire
310 3497 368 3539 non
382 3482 555 3556 potuissent,
570 3482 681 3539 Romae
697 3482 733 3539 ab
749 3487 855 3540 senatu
870 3488 901 3540 et
915 3497 933 3540 a
954 3482 1062 3555 populo
1076 3482 1139 3555 peti
1154 3482 1267 3540 debere.

192 3580 341 3641 Interesse
362 3582 393 3640 id
415 3583 615 3656 reipublicae
638 3588 668 3640 et
690 3583 762 3656 ipsis
784 3583 902 3656 placere
924 3588 1067 3657 oportere.
1091 3582 1123 3642 Si
1144 3590 1305 3656 uterquea

192 3683 224 3740 in
256 3683 391 3741 contione
422 3683 525 3740 statim
555 3683 716 3742 iuravisset
748 3699 780 3742 se
812 3684 910 3742 triduo
942 3684 1074 3756 proximo
1107 3684 1269 3743 exereitum

194 3784 387 3860 dimissurum,
410 3785 549 3859 depositis
564 3785 653 3843 armis
669 3786 853 3860 auxiliisque,
870 3786 974 3858 quibus
989 3802 1066 3845 nunc
1081 3769 1268 3863 confiderent,

193 3887 357 3945 necessario
378 3887 480 3961 populi
503 3893 681 3960 senatusque
702 3888 809 3946 iudicio
832 3888 895 3946 iore
918 3892 1075 3961 utrumque
1091 3895 1267 3947 contentum.

1079 3989 1093 4036 5
1101 3985 1115 4018 ss
