2964 4506
225 257 266 317 92
589 257 638 312 DE
656 255 777 323 BELLO
796 253 911 312 elvini

187 443 202 494 2
223 433 412 495 latitudinem
438 434 574 510 patebat
604 434 641 494 ab
664 449 698 492 eo
719 434 887 492 intermisso
916 435 1012 507 spatio
1038 434 1146 510 pedum
1167 448 1206 490 nc
1228 431 1307 490 alter

225 552 383 596 conversus
411 536 443 596 in
469 536 648 594 contrariam
676 542 792 610 partem
819 541 886 595 erat
911 537 1010 596 vallus
1038 536 1195 595 humiliore
1216 535 1306 608 paulo

187 648 202 698 t
223 640 393 706 munitione.
415 638 480 698 Hoo
494 639 571 698 enim
586 639 789 714 superioribus
805 638 908 698 diebus
921 637 1025 698 timens
1040 637 1157 714 Caesar,
1174 654 1213 696 ne
1222 637 1304 696 navi-

223 744 279 801 bus
293 741 389 802 nostri
404 741 695 816 circumvenirentur,
712 739 857 815 duplicem
873 756 906 799 eo
920 741 984 800 loco
998 741 1113 799 fecerat
1127 739 1247 814 vallum,
1262 744 1305 814 nt,

187 845 250 904 tsi
278 843 402 917 ancipiti
432 843 545 916 proelio
573 842 777 918 dimicaretur,
810 848 910 917 posset
938 841 1045 902 resisti.
1089 841 1148 902 Sed
1180 857 1302 915 operum

224 945 397 1020 magnitudo
430 950 462 1004 et
490 945 643 1004 continens
673 946 801 1004 omnium
834 945 948 1005 dierum
979 945 1079 1020 labor,
1113 943 1191 1019 quod
1222 941 1306 1002 milia

223 1062 362 1122 passuum
384 1046 417 1105 in
438 1046 565 1106 ebonitu
579 1063 645 1106 xvn
666 1047 829 1106 munitione
847 1052 914 1106 erat
935 1046 1110 1130 complexus,
1133 1044 1305 1119 perficiendi

187 1149 352 1223 tapetium
374 1165 432 1209 non
454 1148 553 1208 dabat.
596 1148 703 1222 Itaque
725 1153 829 1208 contra
850 1164 932 1206 mare
957 1154 1162 1207 mansuemum
1183 1147 1304 1221 vallum,

224 1252 275 1326 qni
297 1252 351 1312 has
373 1251 447 1310 duas
461 1251 637 1315 munitiones
651 1251 852 1326 coniungeret,
875 1250 1004 1310 nondum
1017 1251 1193 1324 perfecerat
1223 1248 1304 1320 Quae

224 1371 273 1413 res
287 1360 358 1414 nota
373 1359 439 1414 erat
452 1353 601 1429 Pompeio,
617 1353 718 1413 delata
731 1369 786 1427 per
796 1353 973 1428 Allobrogas
987 1353 1136 1428 perfugas,
1152 1367 1304 1425 magnum·

188 1467 203 1516 t
224 1473 280 1531 qne
302 1457 413 1516 nostris
435 1457 540 1516 attulit
561 1454 780 1516 incommodum
805 1455 939 1515 Namnt
960 1456 998 1514 ad
1019 1471 1101 1514 mare
1121 1473 1148 1514 11
1169 1454 1304 1514 cohortes
1389 1483 1392 1489 ·

224 1575 319 1618 nonae
329 1558 456 1632 legionis
468 1558 636 1618 excubitum
647 1574 804 1632 accessere,
819 1558 917 1618 subito
932 1558 1029 1632 prima
1038 1558 1104 1618 lnce
1119 1555 1304 1633 [Pompeiani

224 1661 372 1720 exercitus
401 1660 547 1721 adventus
569 1657 698 1736 exstitit]
727 1660 815 1720 simul
837 1661 962 1721 navibus
983 1659 1172 1720 oneumveoti
1192 1658 1303 1719 milites

223 1763 255 1821 in
270 1763 447 1821 exteriorem
458 1762 571 1822 vadum
585 1763 647 1822 tela
657 1761 806 1822 iaciebant
817 1762 969 1836 fossasque
983 1778 1094 1836 aggere
1108 1761 1302 1838 complebant,

224 1869 255 1923 et
265 1864 424 1938 legionarii
435 1864 589 1923 interioris
600 1865 772 1925 munitionis
784 1864 953 1924 defensores
964 1864 1052 1924 scalis
1064 1863 1302 1936 admotisadgre·

225 1965 384 2025 diebantur
395 1967 722 2040 ettormentistelisque
731 1968 872 2041 cuiusque
880 1967 1168 2041 generisterrebant
1180 1980 1302 2038 magna-

188 2079 202 2128 7
224 2085 280 2142 que
294 2068 453 2127 multitudo
468 2068 694 2142 sagittariorum
708 2071 745 2128 ab
761 2075 888 2143 utraque
902 2074 990 2143 parte
1002 2067 1301 2128 circumfundebatur.

224 2168 348 2229 Multum
363 2176 462 2230 antem
484 2171 521 2229 ab
543 2171 605 2229 ictu
626 2171 766 2248 lapidum,
789 2171 865 2244 qnod
879 2188 970 2230 unum
991 2171 1101 2230 nostris
1116 2175 1184 2229 erat
1204 2168 1303 2244 mlum,

186 2282 202 2334 8
222 2269 349 2332 viminea
358 2273 518 2348 tegimenta
531 2271 620 2348 galeis
632 2271 772 2349 imposita
783 2271 988 2332 defendebant.
1018 2273 1197 2348 Itaqucoum
1209 2271 1302 2330 omni-

223 2373 279 2433 bus
289 2373 376 2434 rebus
386 2372 476 2433 nostri
486 2379 780 2451 premerentnratquc
790 2392 878 2450 aegre
888 2373 1060 2449 resisterent,
1069 2372 1302 2434 animadversum

224 2480 267 2536 est
293 2474 395 2536 vitium
428 2477 614 2554 munitionis,
645 2476 723 2552 quod
751 2494 840 2555 supra
865 2476 1092 2538 demonstratum
1125 2480 1182 2554 est,
1214 2479 1303 2550 atque

223 2579 299 2638 inter
325 2579 399 2641 duos
427 2579 535 2656 vallos,
564 2596 623 2656 qua
650 2579 810 2657 perlectum
837 2597 910 2658 opus
942 2598 1001 2640 non
1027 2583 1104 2655 erat,
1131 2576 1303 2654 Pompeiani

223 2681 348 2742 navibus
370 2683 496 2760 expositi
516 2681 547 2740 in
569 2699 687 2742 aversos
709 2688 822 2744 nostros
842 2683 982 2760 impetum
1004 2680 1134 2742 iecerunt
1155 2685 1244 2756 atque
1265 2697 1302 2740 ex

103 2858 111 2870 ο
222 2787 349 2860 utraque
369 2783 529 2844 munitione
551 2783 677 2843 deiectos
699 2789 782 2860 terga
802 2787 914 2843 vertere
935 2788 1100 2858 coegerunt

306 2879 363 2946 el.
396 2885 461 2944 Hoc
482 2885 609 2944 tumultu
623 2885 756 2944 nuntiato
771 2883 951 2945 Marcellinus
966 2885 1096 2945 cohortes
1118 2925 1149 2942 ..
1170 2882 1301 2943 subsidio

221 2987 327 3048 nostris
355 2985 555 3046 laborantibus
582 2986 724 3047 submittit
750 3004 787 3048 cx
815 2985 929 3065 castris3
959 3003 1035 3062 quae
1061 2984 1208 3063 fugientes
1235 3003 1301 3046 con·

220 3089 349 3164 spicatae
375 3105 470 3164 neque
497 3087 561 3149 illos
588 3105 643 3148 suo
670 3088 797 3150 adventu
819 3073 1001 3150 mniirmare
1019 3093 1178 3166 potnerunt
1204 3107 1301 3166 neque

184 3199 199 3250 a
220 3190 300 3267 ipsae
313 3189 439 3252 hostium
450 3193 591 3272 impetum
606 3193 749 3252 tulerunt.
766 3192 870 3267 Itaque
883 3191 1088 3268 quodcumque
1100 3191 1299 3253 adducebatur

221 3293 359 3370 subsidio,
380 3293 411 3353 id
433 3298 597 3371 correptum
619 3293 721 3354 timore
742 3293 917 3371 fugientium
931 3299 1068 3355 terrorem
1091 3299 1120 3355 et
1140 3294 1300 3371 periculum

184 3402 199 3453 t
221 3396 363 3472 augebat3
385 3395 535 3456 hominum
556 3395 633 3456 enim
653 3396 840 3457 multitudine
853 3400 985 3474 receptus
1006 3396 1227 3471 impediebatur.
1264 3397 1300 3456 In

223 3515 257 3558 eo
278 3497 388 3574 proelio
403 3515 468 3558 oum
484 3497 566 3574 gravi
580 3497 700 3558 vnlnere
718 3502 793 3558 esset
806 3496 937 3559 adiectus
951 3496 1087 3575 aquilifer
1108 3502 1138 3559 ct
1151 3516 1171 3557 a
1190 3498 1299 3558 viribus

222 3597 407 3676 deficeretur,
439 3601 621 3677 conspicatus
649 3600 760 3676 equites
781 3605 894 3661 nostros
913 3593 1012 3662 ‘Hanc
1033 3596 1108 3678 ego',
1129 3602 1238 3676 inquit,
1258 3591 1300 3662 ‘et

221 3700 307 3760 vivns
320 3701 428 3762 multos
448 3719 501 3778 per
515 3719 606 3762 annos
621 3720 729 3778 magna
743 3701 893 3779 diligentia
909 3701 1025 3764 defendi
1039 3707 1069 3764 et
1082 3720 1162 3763 nunc
1173 3703 1299 3770 moriens

182 3811 199 3860 4
220 3801 321 3862 eadem
342 3800 403 3863 fido
424 3801 540 3863 Caesari
561 3804 692 3864 restituo.
735 3803 842 3879 Nolite,
863 3803 991 3882 obsecro,
1013 3803 1198 3882 committere,
1220 3805 1298 3880 quod

221 3909 289 3966 ante
316 3906 348 3964 in
370 3905 496 3967 exercitu
520 3904 649 3966 Caesaris
671 3923 729 3965 non
751 3904 868 3982 accidit,
896 3909 930 3965 ut
954 3905 995 3966 rei
1023 3904 1153 3965 militaris
1174 3905 1299 3968 dedecus
