<?xml version="1.0" encoding="UTF-8"?>
<!DOCTYPE html PUBLIC "-//W3C//DTD XHTML 1.0 Transitional//EN"
    "http://www.w3.org/TR/xhtml1/DTD/xhtml1-transitional.dtd">
<html xmlns="http://www.w3.org/1999/xhtml" xml:lang="en" lang="en">
 <head>
  <title>
</title>
<meta http-equiv="Content-Type" content="text/html;charset=utf-8" />
  <meta name='ocr-system' content='tesseract 3.04.00' />
  <meta name='ocr-capabilities' content='ocr_page ocr_carea ocr_par ocr_line ocrx_word'/>
</head>
<body>
  <div class='ocr_page' id='page_1' title='image "./ciuliicaesarisd00meusgoog_0086.png"; bbox 0 0 2964 4506; ppageno 0'>
   <div class='ocr_carea' id='block_1_1' title="bbox 249 241 936 300">
    <p class='ocr_par' dir='ltr' id='par_1_1' title="bbox 249 241 936 300">
     <span class='ocr_line' id='line_1_1' title="bbox 249 241 936 300; baseline -0.006 0"><span class='ocrx_word' id='word_1_1' title='bbox 249 243 289 300; x_wconf 87' lang='lat'><strong>80</strong></span> <span class='ocrx_word' id='word_1_2' title='bbox 614 241 666 297; x_wconf 81' lang='lat' dir='ltr'><strong>Du</strong></span> <span class='ocrx_word' id='word_1_3' title='bbox 684 241 803 298; x_wconf 72' lang='lat' dir='ltr'><strong>autho</strong></span> <span class='ocrx_word' id='word_1_4' title='bbox 822 241 936 296; x_wconf 79' lang='lat' dir='ltr'><strong>ctvltl</strong></span> 
     </span>
    </p>
   </div>
   <div class='ocr_carea' id='block_1_2' title="bbox 208 416 1333 2740">
    <p class='ocr_par' dir='ltr' id='par_1_2' title="bbox 247 416 1329 494">
     <span class='ocr_line' id='line_1_2' title="bbox 247 416 1329 494; baseline 0 -16"><span class='ocrx_word' id='word_1_5' title='bbox 247 417 379 478; x_wconf 77' lang='lat' dir='ltr'><strong>Fauonio</strong></span> <span class='ocrx_word' id='word_1_6' title='bbox 401 416 563 476; x_wconf 88' lang='lat' dir='ltr'><strong>Domitium</strong></span> <span class='ocrx_word' id='word_1_7' title='bbox 587 433 652 478; x_wconf 90' lang='lat' dir='ltr'><strong>cum</strong></span> <span class='ocrx_word' id='word_1_8' title='bbox 673 416 840 491; x_wconf 82' lang='lat' dir='ltr'>legionibus</span> <span class='ocrx_word' id='word_1_9' title='bbox 854 417 956 478; x_wconf 87' lang='lat' dir='ltr'><strong>adesse</strong></span> <span class='ocrx_word' id='word_1_10' title='bbox 971 433 1065 491; x_wconf 88' lang='lat' dir='ltr'><strong>neque</strong></span> <span class='ocrx_word' id='word_1_11' title='bbox 1087 433 1119 478; x_wconf 87' lang='lat' dir='ltr'><strong>se</strong></span> <span class='ocrx_word' id='word_1_12' title='bbox 1140 417 1329 494; x_wconf 78' lang='lat' dir='ltr'>praesidium,</span> 
     </span>
    </p>

    <p class='ocr_par' dir='ltr' id='par_1_3' title="bbox 210 518 1330 698">
     <span class='ocr_line' id='line_1_3' title="bbox 210 518 1330 595; baseline 0.002 -17"><span class='ocrx_word' id='word_1_13' title='bbox 210 529 224 578; x_wconf 81' lang='lat' dir='ltr'><strong>t</strong></span> <span class='ocrx_word' id='word_1_14' title='bbox 246 521 298 580; x_wconf 93' lang='lat' dir='ltr'><strong>ubi</strong></span> <span class='ocrx_word' id='word_1_15' title='bbox 312 520 492 580; x_wconf 87' lang='lat' dir='ltr'><strong>constitutus</strong></span> <span class='ocrx_word' id='word_1_16' title='bbox 507 525 592 594; x_wconf 88' lang='lat' dir='ltr'><strong>esset,</strong></span> <span class='ocrx_word' id='word_1_17' title='bbox 609 519 672 578; x_wconf 89' lang='lat' dir='ltr'><strong>sine</strong></span> <span class='ocrx_word' id='word_1_18' title='bbox 687 519 798 580; x_wconf 85' lang='lat' dir='ltr'><strong>auxilio</strong></span> <span class='ocrx_word' id='word_1_19' title='bbox 815 518 959 594; x_wconf 80' lang='lat' dir='ltr'>Scipionis</span> <span class='ocrx_word' id='word_1_20' title='bbox 974 525 1076 580; x_wconf 88' lang='lat' dir='ltr'><strong>tenere</strong></span> <span class='ocrx_word' id='word_1_21' title='bbox 1090 537 1184 595; x_wconf 91' lang='lat' dir='ltr'><strong>posse.</strong></span> <span class='ocrx_word' id='word_1_22' title='bbox 1215 520 1330 592; x_wconf 78' lang='lat' dir='ltr'><strong>Quibus</strong></span> 
     </span>
     <span class='ocr_line' id='line_1_4' title="bbox 247 621 1330 698; baseline 0.003 -18"><span class='ocrx_word' id='word_1_23' title='bbox 247 623 360 682; x_wconf 79' lang='lat' dir='ltr'><strong>littaris</strong></span> <span class='ocrx_word' id='word_1_24' title='bbox 385 623 514 698; x_wconf 86' lang='lat' dir='ltr'><strong>acceptis</strong></span> <span class='ocrx_word' id='word_1_25' title='bbox 542 621 695 680; x_wconf 92' lang='lat' dir='ltr'><strong>consilium</strong></span> <span class='ocrx_word' id='word_1_26' title='bbox 723 621 821 695; x_wconf 80' lang='lat' dir='ltr'>Scipio</span> <span class='ocrx_word' id='word_1_27' title='bbox 849 622 963 696; x_wconf 89' lang='lat' dir='ltr'><strong>iterque</strong></span> <span class='ocrx_word' id='word_1_28' title='bbox 992 627 1161 684; x_wconf 87' lang='lat' dir='ltr'><strong>commutat:</strong></span> <span class='ocrx_word' id='word_1_29' title='bbox 1195 623 1330 683; x_wconf 79' lang='lat' dir='ltr'><strong>Cassium</strong></span> 
     </span>
    </p>

    <p class='ocr_par' dir='ltr' id='par_1_4' title="bbox 210 723 1331 1206">
     <span class='ocr_line' id='line_1_5' title="bbox 210 723 1331 808; baseline 0.001 -24"><span class='ocrx_word' id='word_1_30' title='bbox 210 733 225 784; x_wconf 86' lang='lat'><em>8</em></span> <span class='ocrx_word' id='word_1_31' title='bbox 247 725 330 798; x_wconf 83' lang='lat' dir='ltr'><strong>sequi</strong></span> <span class='ocrx_word' id='word_1_32' title='bbox 352 724 476 800; x_wconf 86' lang='lat' dir='ltr'><strong>desistit,</strong></span> <span class='ocrx_word' id='word_1_33' title='bbox 498 723 630 784; x_wconf 83' lang='lat' dir='ltr'><strong>Favonio</strong></span> <span class='ocrx_word' id='word_1_34' title='bbox 652 723 795 785; x_wconf 86' lang='lat' dir='ltr'><strong>auxilium</strong></span> <span class='ocrx_word' id='word_1_35' title='bbox 816 724 897 783; x_wconf 81' lang='lat' dir='ltr'><strong>ferre</strong></span> <span class='ocrx_word' id='word_1_36' title='bbox 912 725 1068 785; x_wconf 86' lang='lat' dir='ltr'><strong>contendit</strong></span> <span class='ocrx_word' id='word_1_37' title='bbox 1101 726 1208 799; x_wconf 86' lang='lat' dir='ltr'><strong>Itaque</strong></span> <span class='ocrx_word' id='word_1_38' title='bbox 1231 725 1331 808; x_wconf 90' lang='lat' dir='ltr'><strong>dieac</strong></span> 
     </span>
     <span class='ocr_line' id='line_1_6' title="bbox 247 825 1329 904; baseline 0.003 -19"><span class='ocrx_word' id='word_1_39' title='bbox 247 832 333 886; x_wconf 88' lang='lat' dir='ltr'><strong>nocte</strong></span> <span class='ocrx_word' id='word_1_40' title='bbox 345 827 515 885; x_wconf 90' lang='lat' dir='ltr'><strong>continuato</strong></span> <span class='ocrx_word' id='word_1_41' title='bbox 531 826 639 885; x_wconf 87' lang='lat' dir='ltr'><strong>itinere</strong></span> <span class='ocrx_word' id='word_1_42' title='bbox 654 825 692 884; x_wconf 91' lang='lat' dir='ltr'><strong>ad</strong></span> <span class='ocrx_word' id='word_1_43' title='bbox 707 841 772 884; x_wconf 87' lang='lat' dir='ltr'><strong>eum</strong></span> <span class='ocrx_word' id='word_1_44' title='bbox 785 825 923 900; x_wconf 80' lang='lat' dir='ltr'><strong>peruenit</strong></span> <span class='ocrx_word' id='word_1_45' title='bbox 937 832 999 886; x_wconf 89' lang='lat' dir='ltr'><strong>tam</strong></span> <span class='ocrx_word' id='word_1_46' title='bbox 1010 831 1172 901; x_wconf 88' lang='lat' dir='ltr'><strong>opportuno</strong></span> <span class='ocrx_word' id='word_1_47' title='bbox 1187 832 1329 904; x_wconf 84' lang='lat' dir='ltr'><strong>tempore,</strong></span> 
     </span>
     <span class='ocr_line' id='line_1_7' title="bbox 247 927 1329 1003; baseline 0.001 -16"><span class='ocrx_word' id='word_1_48' title='bbox 247 933 282 986; x_wconf 87' lang='lat' dir='ltr'><strong>ut</strong></span> <span class='ocrx_word' id='word_1_49' title='bbox 302 928 390 987; x_wconf 89' lang='lat' dir='ltr'><strong>simul</strong></span> <span class='ocrx_word' id='word_1_50' title='bbox 408 927 573 987; x_wconf 89' lang='lat' dir='ltr'><strong>Domitiani</strong></span> <span class='ocrx_word' id='word_1_51' title='bbox 595 927 744 989; x_wconf 84' lang='lat' dir='ltr'><strong>exercitus</strong></span> <span class='ocrx_word' id='word_1_52' title='bbox 764 927 864 1002; x_wconf 85' lang='lat' dir='ltr'><strong>pulvis</strong></span> <span class='ocrx_word' id='word_1_53' title='bbox 886 935 1059 990; x_wconf 83' lang='lat' dir='ltr'><strong>cerneretur</strong></span> <span class='ocrx_word' id='word_1_54' title='bbox 1080 935 1111 988; x_wconf 91' lang='lat' dir='ltr'><strong>et</strong></span> <span class='ocrx_word' id='word_1_55' title='bbox 1131 929 1221 1003; x_wconf 90' lang='lat' dir='ltr'><strong>primi</strong></span> <span class='ocrx_word' id='word_1_56' title='bbox 1245 935 1329 989; x_wconf 78' lang='lat' dir='ltr'><strong>ants·</strong></span> 
     </span>
     <span class='ocr_line' id='line_1_8' title="bbox 247 1029 1327 1108; baseline 0.003 -20"><span class='ocrx_word' id='word_1_57' title='bbox 247 1045 381 1090; x_wconf 88' lang='lat' dir='ltr'><strong>cursores</strong></span> <span class='ocrx_word' id='word_1_58' title='bbox 411 1029 555 1104; x_wconf 79' lang='lat' dir='ltr'><strong>Scipionis</strong></span> <span class='ocrx_word' id='word_1_59' title='bbox 582 1029 765 1088; x_wconf 88' lang='lat' dir='ltr'><strong>viderentur.</strong></span> <span class='ocrx_word' id='word_1_60' title='bbox 807 1029 857 1089; x_wconf 89' lang='lat' dir='ltr'><strong>Ita</strong></span> <span class='ocrx_word' id='word_1_61' title='bbox 882 1029 984 1089; x_wconf 77' lang='lat' dir='ltr'><strong>Cassio</strong></span> <span class='ocrx_word' id='word_1_62' title='bbox 1016 1031 1166 1091; x_wconf 88' lang='lat' dir='ltr'><strong>industria</strong></span> <span class='ocrx_word' id='word_1_63' title='bbox 1194 1030 1327 1108; x_wconf 87' lang='lat' dir='ltr'><strong>Domitii,</strong></span> 
     </span>
     <span class='ocr_line' id='line_1_9' title="bbox 246 1131 982 1206; baseline 0.004 -17"><span class='ocrx_word' id='word_1_64' title='bbox 246 1131 378 1192; x_wconf 83' lang='lat' dir='ltr'><strong>Favonio</strong></span> <span class='ocrx_word' id='word_1_65' title='bbox 401 1131 545 1206; x_wconf 78' lang='lat' dir='ltr'><strong>Scipionis</strong></span> <span class='ocrx_word' id='word_1_66' title='bbox 566 1131 701 1190; x_wconf 87' lang='lat' dir='ltr'><strong>celeritas</strong></span> <span class='ocrx_word' id='word_1_67' title='bbox 724 1131 850 1190; x_wconf 85' lang='lat' dir='ltr'><strong>salutem</strong></span> <span class='ocrx_word' id='word_1_68' title='bbox 872 1132 982 1193; x_wconf 88' lang='lat' dir='ltr'><strong>attulit.</strong></span> 
     </span>
    </p>

    <p class='ocr_par' dir='ltr' id='par_1_5' title="bbox 246 1228 1327 1513">
     <span class='ocr_line' id='line_1_10' title="bbox 333 1228 1324 1312; baseline -0.003 -15"><span class='ocrx_word' id='word_1_69' title='bbox 333 1228 390 1297; x_wconf 76' lang='lat'><strong>37.</strong></span> <span class='ocrx_word' id='word_1_70' title='bbox 413 1233 510 1308; x_wconf 83' lang='lat' dir='ltr'><strong>Scipio</strong></span> <span class='ocrx_word' id='word_1_71' title='bbox 531 1233 652 1296; x_wconf 87' lang='lat' dir='ltr'><strong>biduum</strong></span> <span class='ocrx_word' id='word_1_72' title='bbox 673 1233 705 1292; x_wconf 92' lang='lat' dir='ltr'><strong>in</strong></span> <span class='ocrx_word' id='word_1_73' title='bbox 727 1233 834 1292; x_wconf 88' lang='lat' dir='ltr'><strong>castris</strong></span> <span class='ocrx_word' id='word_1_74' title='bbox 856 1233 977 1294; x_wconf 86' lang='lat' dir='ltr'><strong>stativis</strong></span> <span class='ocrx_word' id='word_1_75' title='bbox 995 1239 1127 1294; x_wconf 89' lang='lat' dir='ltr'><strong>moratus</strong></span> <span class='ocrx_word' id='word_1_76' title='bbox 1149 1235 1187 1296; x_wconf 88' lang='lat' dir='ltr'><strong>ad</strong></span> <span class='ocrx_word' id='word_1_77' title='bbox 1208 1234 1324 1312; x_wconf 83' lang='lat' dir='ltr'><strong>flumen,</strong></span> 
     </span>
     <span class='ocr_line' id='line_1_11' title="bbox 249 1335 1327 1412; baseline 0.002 -18"><span class='ocrx_word' id='word_1_78' title='bbox 249 1336 325 1410; x_wconf 91' lang='lat' dir='ltr'><strong>quod</strong></span> <span class='ocrx_word' id='word_1_79' title='bbox 345 1337 426 1394; x_wconf 89' lang='lat' dir='ltr'><strong>inter</strong></span> <span class='ocrx_word' id='word_1_80' title='bbox 447 1352 511 1394; x_wconf 89' lang='lat' dir='ltr'><strong>eum</strong></span> <span class='ocrx_word' id='word_1_81' title='bbox 534 1340 563 1395; x_wconf 85' lang='lat' dir='ltr'><strong>et</strong></span> <span class='ocrx_word' id='word_1_82' title='bbox 583 1335 708 1394; x_wconf 88' lang='lat' dir='ltr'><strong>Domitii</strong></span> <span class='ocrx_word' id='word_1_83' title='bbox 729 1339 827 1396; x_wconf 85' lang='lat' dir='ltr'><strong>castra</strong></span> <span class='ocrx_word' id='word_1_84' title='bbox 848 1335 973 1411; x_wconf 85' lang='lat' dir='ltr'><strong>fluebat,</strong></span> <span class='ocrx_word' id='word_1_85' title='bbox 995 1336 1206 1412; x_wconf 82' lang='lat' dir='ltr'><strong>Aliacmonem,</strong></span> <span class='ocrx_word' id='word_1_86' title='bbox 1237 1337 1327 1396; x_wconf 87' lang='lat' dir='ltr'><strong>tertio</strong></span> 
     </span>
     <span class='ocr_line' id='line_1_12' title="bbox 246 1437 1325 1513; baseline 0.001 -16"><span class='ocrx_word' id='word_1_87' title='bbox 246 1439 294 1498; x_wconf 90' lang='lat' dir='ltr'><strong>die</strong></span> <span class='ocrx_word' id='word_1_88' title='bbox 315 1439 412 1512; x_wconf 92' lang='lat' dir='ltr'><strong>prima</strong></span> <span class='ocrx_word' id='word_1_89' title='bbox 425 1439 491 1498; x_wconf 90' lang='lat' dir='ltr'><strong>luce</strong></span> <span class='ocrx_word' id='word_1_90' title='bbox 506 1439 668 1500; x_wconf 85' lang='lat' dir='ltr'><strong>exercitum</strong></span> <span class='ocrx_word' id='word_1_91' title='bbox 682 1437 758 1497; x_wconf 88' lang='lat' dir='ltr'><strong>vado</strong></span> <span class='ocrx_word' id='word_1_92' title='bbox 773 1437 905 1498; x_wconf 87' lang='lat' dir='ltr'><strong>traducit</strong></span> <span class='ocrx_word' id='word_1_93' title='bbox 919 1444 951 1498; x_wconf 90' lang='lat' dir='ltr'><strong>et</strong></span> <span class='ocrx_word' id='word_1_94' title='bbox 965 1438 1072 1498; x_wconf 91' lang='lat' dir='ltr'><strong>castris</strong></span> <span class='ocrx_word' id='word_1_95' title='bbox 1086 1439 1191 1513; x_wconf 89' lang='lat' dir='ltr'><strong>positis</strong></span> <span class='ocrx_word' id='word_1_96' title='bbox 1205 1443 1325 1513; x_wconf 87' lang='lat' dir='ltr'><strong>postero</strong></span> 
     </span>
    </p>

    <p class='ocr_par' dir='ltr' id='par_1_6' title="bbox 208 1539 1329 1922">
     <span class='ocr_line' id='line_1_13' title="bbox 208 1539 1325 1614; baseline -0.002 -13"><span class='ocrx_word' id='word_1_97' title='bbox 208 1552 222 1601; x_wconf 79' lang='lat'><strong>2</strong></span> <span class='ocrx_word' id='word_1_98' title='bbox 244 1541 291 1600; x_wconf 90' lang='lat' dir='ltr'><strong>die</strong></span> <span class='ocrx_word' id='word_1_99' title='bbox 306 1557 391 1604; x_wconf 87' lang='lat' dir='ltr'><strong>mane</strong></span> <span class='ocrx_word' id='word_1_100' title='bbox 406 1541 505 1614; x_wconf 86' lang='lat' dir='ltr'><strong>copias</strong></span> <span class='ocrx_word' id='word_1_101' title='bbox 520 1545 590 1600; x_wconf 86' lang='lat' dir='ltr'><strong>ante</strong></span> <span class='ocrx_word' id='word_1_102' title='bbox 603 1541 731 1600; x_wconf 80' lang='lat' dir='ltr'><strong>frontem</strong></span> <span class='ocrx_word' id='word_1_103' title='bbox 746 1544 908 1599; x_wconf 87' lang='lat' dir='ltr'><strong>castrorum</strong></span> <span class='ocrx_word' id='word_1_104' title='bbox 923 1541 1054 1600; x_wconf 79' lang='lat' dir='ltr'><strong>instruit.</strong></span> <span class='ocrx_word' id='word_1_105' title='bbox 1085 1539 1161 1600; x_wconf 80' lang='lat' dir='ltr'><strong>Tum</strong></span> <span class='ocrx_word' id='word_1_106' title='bbox 1174 1541 1325 1600; x_wconf 79' lang='lat' dir='ltr'><strong>Domitius</strong></span> 
     </span>
     <span class='ocr_line' id='line_1_14' title="bbox 247 1642 1327 1718; baseline 0.004 -17"><span class='ocrx_word' id='word_1_107' title='bbox 247 1659 360 1716; x_wconf 87' lang='lat' dir='ltr'><strong>quoque</strong></span> <span class='ocrx_word' id='word_1_108' title='bbox 382 1643 438 1702; x_wconf 91' lang='lat' dir='ltr'><strong>sibi</strong></span> <span class='ocrx_word' id='word_1_109' title='bbox 462 1642 656 1704; x_wconf 87' lang='lat' dir='ltr'><strong>dubitandum</strong></span> <span class='ocrx_word' id='word_1_110' title='bbox 670 1657 728 1700; x_wconf 92' lang='lat' dir='ltr'><strong>non</strong></span> <span class='ocrx_word' id='word_1_111' title='bbox 750 1643 877 1718; x_wconf 87' lang='lat' dir='ltr'><strong>putavit,</strong></span> <span class='ocrx_word' id='word_1_112' title='bbox 901 1643 972 1716; x_wconf 90' lang='lat' dir='ltr'><strong>quin</strong></span> <span class='ocrx_word' id='word_1_113' title='bbox 986 1643 1139 1717; x_wconf 90' lang='lat' dir='ltr'><strong>productis</strong></span> <span class='ocrx_word' id='word_1_114' title='bbox 1159 1643 1327 1717; x_wconf 77' lang='lat' dir='ltr'><strong>legionibus</strong></span> 
     </span>
     <span class='ocr_line' id='line_1_15' title="bbox 246 1743 1328 1819; baseline 0 -15"><span class='ocrx_word' id='word_1_115' title='bbox 246 1745 357 1819; x_wconf 88' lang='lat' dir='ltr'><strong>proelio</strong></span> <span class='ocrx_word' id='word_1_116' title='bbox 380 1745 556 1808; x_wconf 87' lang='lat' dir='ltr'><strong>decertaret.</strong></span> <span class='ocrx_word' id='word_1_117' title='bbox 602 1743 671 1819; x_wconf 88' lang='lat' dir='ltr'><strong>Sed,</strong></span> <span class='ocrx_word' id='word_1_118' title='bbox 703 1759 767 1802; x_wconf 90' lang='lat' dir='ltr'><strong>cum</strong></span> <span class='ocrx_word' id='word_1_119' title='bbox 790 1749 866 1804; x_wconf 87' lang='lat' dir='ltr'><strong>esset</strong></span> <span class='ocrx_word' id='word_1_120' title='bbox 888 1745 967 1804; x_wconf 87' lang='lat' dir='ltr'><strong>inter</strong></span> <span class='ocrx_word' id='word_1_121' title='bbox 996 1745 1068 1806; x_wconf 87' lang='lat' dir='ltr'><strong>bina</strong></span> <span class='ocrx_word' id='word_1_122' title='bbox 1088 1751 1188 1808; x_wconf 84' lang='lat' dir='ltr'><strong>castra</strong></span> <span class='ocrx_word' id='word_1_123' title='bbox 1209 1761 1328 1819; x_wconf 84' lang='lat' dir='ltr'><strong>campus</strong></span> 
     </span>
     <span class='ocr_line' id='line_1_16' title="bbox 247 1845 1329 1922; baseline -0.001 -15"><span class='ocrx_word' id='word_1_124' title='bbox 247 1849 368 1908; x_wconf 89' lang='lat' dir='ltr'><strong>circiter</strong></span> <span class='ocrx_word' id='word_1_125' title='bbox 396 1849 510 1908; x_wconf 90' lang='lat' dir='ltr'><strong>milium</strong></span> <span class='ocrx_word' id='word_1_126' title='bbox 535 1862 674 1921; x_wconf 82' lang='lat' dir='ltr'><strong>passuum</strong></span> <span class='ocrx_word' id='word_1_127' title='bbox 695 1864 733 1922; x_wconf 90' lang='lat'><strong>11,</strong></span> <span class='ocrx_word' id='word_1_128' title='bbox 761 1845 908 1906; x_wconf 85' lang='lat' dir='ltr'><strong>Domitius</strong></span> <span class='ocrx_word' id='word_1_129' title='bbox 936 1848 1043 1907; x_wconf 88' lang='lat' dir='ltr'><strong>castris</strong></span> <span class='ocrx_word' id='word_1_130' title='bbox 1071 1847 1215 1922; x_wconf 76' lang='lat' dir='ltr'><strong>Scipionis</strong></span> <span class='ocrx_word' id='word_1_131' title='bbox 1237 1848 1329 1907; x_wconf 82' lang='lat' dir='ltr'><strong>aciem</strong></span> 
     </span>
    </p>

    <p class='ocr_par' dir='ltr' id='par_1_7' title="bbox 210 1949 1330 2230">
     <span class='ocr_line' id='line_1_17' title="bbox 210 1949 1329 2025; baseline 0 -15"><span class='ocrx_word' id='word_1_132' title='bbox 210 1961 225 2010; x_wconf 82' lang='lat'><strong>3</strong></span> <span class='ocrx_word' id='word_1_133' title='bbox 247 1969 330 2018; x_wconf 86' lang='lat' dir='ltr'><strong>suam</strong></span> <span class='ocrx_word' id='word_1_134' title='bbox 346 1951 483 2024; x_wconf 82' lang='lat' dir='ltr'><strong>subiecit3</strong></span> <span class='ocrx_word' id='word_1_135' title='bbox 498 1951 550 2010; x_wconf 90' lang='lat' dir='ltr'><strong>ille</strong></span> <span class='ocrx_word' id='word_1_136' title='bbox 565 1967 583 2008; x_wconf 90' lang='lat' dir='ltr'><strong>a</strong></span> <span class='ocrx_word' id='word_1_137' title='bbox 598 1950 678 2012; x_wconf 87' lang='lat' dir='ltr'><strong>vallo</strong></span> <span class='ocrx_word' id='word_1_138' title='bbox 693 1966 751 2008; x_wconf 92' lang='lat' dir='ltr'><strong>non</strong></span> <span class='ocrx_word' id='word_1_139' title='bbox 766 1949 915 2010; x_wconf 77' lang='lat' dir='ltr'><strong>discedere</strong></span> <span class='ocrx_word' id='word_1_140' title='bbox 929 1950 1140 2025; x_wconf 84' lang='lat' dir='ltr'><strong>perseveravit</strong></span> <span class='ocrx_word' id='word_1_141' title='bbox 1172 1950 1217 2010; x_wconf 89' lang='lat' dir='ltr'><strong>Ac</strong></span> <span class='ocrx_word' id='word_1_142' title='bbox 1230 1954 1329 2010; x_wconf 87' lang='lat' dir='ltr'><strong>tamen</strong></span> 
     </span>
     <span class='ocr_line' id='line_1_18' title="bbox 248 2051 1328 2130; baseline -0.005 -15"><span class='ocrx_word' id='word_1_143' title='bbox 248 2071 338 2130; x_wconf 81' lang='lat' dir='ltr'><strong>aegre</strong></span> <span class='ocrx_word' id='word_1_144' title='bbox 372 2053 496 2117; x_wconf 85' lang='lat' dir='ltr'><strong>retentis</strong></span> <span class='ocrx_word' id='word_1_145' title='bbox 528 2051 707 2112; x_wconf 80' lang='lat' dir='ltr'><strong>Domitianis</strong></span> <span class='ocrx_word' id='word_1_146' title='bbox 737 2053 882 2112; x_wconf 88' lang='lat' dir='ltr'><strong>militibus</strong></span> <span class='ocrx_word' id='word_1_147' title='bbox 911 2059 958 2111; x_wconf 90' lang='lat' dir='ltr'><strong>est</strong></span> <span class='ocrx_word' id='word_1_148' title='bbox 989 2053 1114 2127; x_wconf 85' lang='lat' dir='ltr'><strong>iactum,</strong></span> <span class='ocrx_word' id='word_1_149' title='bbox 1147 2069 1184 2111; x_wconf 88' lang='lat' dir='ltr'><strong>ne</strong></span> <span class='ocrx_word' id='word_1_150' title='bbox 1216 2053 1328 2126; x_wconf 88' lang='lat' dir='ltr'><strong>proelio</strong></span> 
     </span>
     <span class='ocr_line' id='line_1_19' title="bbox 249 2153 1330 2230; baseline -0.003 -15"><span class='ocrx_word' id='word_1_151' title='bbox 249 2155 482 2230; x_wconf 87' lang='lat' dir='ltr'><strong>contenderetur,</strong></span> <span class='ocrx_word' id='word_1_152' title='bbox 505 2159 536 2212; x_wconf 90' lang='lat' dir='ltr'><strong>et</strong></span> <span class='ocrx_word' id='word_1_153' title='bbox 557 2155 691 2229; x_wconf 82' lang='lat' dir='ltr'><strong>maxime,</strong></span> <span class='ocrx_word' id='word_1_154' title='bbox 714 2153 791 2227; x_wconf 90' lang='lat' dir='ltr'><strong>quod</strong></span> <span class='ocrx_word' id='word_1_155' title='bbox 806 2155 890 2214; x_wconf 87' lang='lat' dir='ltr'><strong>rivus</strong></span> <span class='ocrx_word' id='word_1_156' title='bbox 905 2154 1076 2213; x_wconf 87' lang='lat' dir='ltr'><strong>difficilibus</strong></span> <span class='ocrx_word' id='word_1_157' title='bbox 1091 2154 1166 2228; x_wconf 84' lang='lat' dir='ltr'><strong>ripis</strong></span> <span class='ocrx_word' id='word_1_158' title='bbox 1180 2153 1330 2214; x_wconf 88' lang='lat' dir='ltr'><strong>subiectus</strong></span> 
     </span>
    </p>

    <p class='ocr_par' dir='ltr' id='par_1_8' title="bbox 211 2255 1333 2740">
     <span class='ocr_line' id='line_1_20' title="bbox 211 2255 1329 2330; baseline -0.004 -13"><span class='ocrx_word' id='word_1_159' title='bbox 211 2257 357 2317; x_wconf 76' lang='lat' dir='ltr'><strong>tcastris</strong></span> <span class='ocrx_word' id='word_1_160' title='bbox 386 2256 531 2330; x_wconf 88' lang='lat' dir='ltr'><strong>Scipionis</strong></span> <span class='ocrx_word' id='word_1_161' title='bbox 563 2272 739 2330; x_wconf 77' lang='lat' dir='ltr'><strong>progressus</strong></span> <span class='ocrx_word' id='word_1_162' title='bbox 771 2261 939 2316; x_wconf 90' lang='lat' dir='ltr'><strong>nostrorum</strong></span> <span class='ocrx_word' id='word_1_163' title='bbox 970 2256 1157 2330; x_wconf 85' lang='lat' dir='ltr'><strong>impediebat</strong></span> <span class='ocrx_word' id='word_1_164' title='bbox 1199 2255 1329 2327; x_wconf 79' lang='lat' dir='ltr'><strong>Quorum</strong></span> 
     </span>
     <span class='ocr_line' id='line_1_21' title="bbox 249 2357 1329 2434; baseline -0.002 -16"><span class='ocrx_word' id='word_1_165' title='bbox 249 2359 378 2418; x_wconf 86' lang='lat' dir='ltr'><strong>studium</strong></span> <span class='ocrx_word' id='word_1_166' title='bbox 395 2358 638 2430; x_wconf 84' lang='lat' dir='ltr'><strong>alacritatemque</strong></span> <span class='ocrx_word' id='word_1_167' title='bbox 652 2357 806 2431; x_wconf 79' lang='lat' dir='ltr'><strong>pugnandi</strong></span> <span class='ocrx_word' id='word_1_168' title='bbox 820 2374 885 2417; x_wconf 91' lang='lat' dir='ltr'><strong>cum</strong></span> <span class='ocrx_word' id='word_1_169' title='bbox 905 2359 1092 2432; x_wconf 74' lang='lat' dir='ltr'><strong>cognovisset</strong></span> <span class='ocrx_word' id='word_1_170' title='bbox 1107 2357 1212 2434; x_wconf 86' lang='lat' dir='ltr'><strong>Scipio,</strong></span> <span class='ocrx_word' id='word_1_171' title='bbox 1234 2358 1329 2431; x_wconf 90' lang='lat' dir='ltr'><strong>suspi-</strong></span> 
     </span>
     <span class='ocr_line' id='line_1_22' title="bbox 249 2459 1330 2536; baseline -0.003 -17"><span class='ocrx_word' id='word_1_172' title='bbox 249 2467 334 2520; x_wconf 87' lang='lat' dir='ltr'><strong>catus</strong></span> <span class='ocrx_word' id='word_1_173' title='bbox 355 2461 433 2536; x_wconf 80' lang='lat' dir='ltr'><strong>iore,</strong></span> <span class='ocrx_word' id='word_1_174' title='bbox 457 2465 491 2519; x_wconf 92' lang='lat' dir='ltr'><strong>ut</strong></span> <span class='ocrx_word' id='word_1_175' title='bbox 511 2464 630 2534; x_wconf 90' lang='lat' dir='ltr'><strong>postero</strong></span> <span class='ocrx_word' id='word_1_176' title='bbox 652 2459 699 2518; x_wconf 88' lang='lat' dir='ltr'><strong>die</strong></span> <span class='ocrx_word' id='word_1_177' title='bbox 722 2463 773 2518; x_wconf 91' lang='lat' dir='ltr'><strong>aut</strong></span> <span class='ocrx_word' id='word_1_178' title='bbox 794 2459 907 2519; x_wconf 85' lang='lat' dir='ltr'><strong>inuitus</strong></span> <span class='ocrx_word' id='word_1_179' title='bbox 936 2459 1076 2520; x_wconf 89' lang='lat' dir='ltr'><strong>dimicare</strong></span> <span class='ocrx_word' id='word_1_180' title='bbox 1098 2465 1255 2535; x_wconf 82' lang='lat' dir='ltr'><strong>cogeretur</strong></span> <span class='ocrx_word' id='word_1_181' title='bbox 1276 2463 1330 2517; x_wconf 89' lang='lat' dir='ltr'><strong>aut</strong></span> 
     </span>
     <span class='ocr_line' id='line_1_23' title="bbox 249 2560 1331 2637; baseline -0.004 -15"><span class='ocrx_word' id='word_1_182' title='bbox 249 2579 359 2637; x_wconf 76' lang='lat' dir='ltr'><strong>magna</strong></span> <span class='ocrx_word' id='word_1_183' title='bbox 371 2579 435 2622; x_wconf 92' lang='lat' dir='ltr'><strong>cum</strong></span> <span class='ocrx_word' id='word_1_184' title='bbox 447 2562 571 2624; x_wconf 82' lang='lat' dir='ltr'><strong>infamia</strong></span> <span class='ocrx_word' id='word_1_185' title='bbox 586 2561 693 2622; x_wconf 87' lang='lat' dir='ltr'><strong>castris</strong></span> <span class='ocrx_word' id='word_1_186' title='bbox 703 2578 736 2622; x_wconf 90' lang='lat' dir='ltr'><strong>se</strong></span> <span class='ocrx_word' id='word_1_187' title='bbox 747 2562 919 2637; x_wconf 80' lang='lat' dir='ltr'><strong>contineret,</strong></span> <span class='ocrx_word' id='word_1_188' title='bbox 930 2563 980 2635; x_wconf 90' lang='lat' dir='ltr'><strong>qui</strong></span> <span class='ocrx_word' id='word_1_189' title='bbox 991 2578 1101 2636; x_wconf 81' lang='lat' dir='ltr'><strong>magna</strong></span> <span class='ocrx_word' id='word_1_190' title='bbox 1112 2560 1331 2636; x_wconf 83' lang='lat' dir='ltr'><strong>exspectatione</strong></span> 
     </span>
     <span class='ocr_line' id='line_1_24' title="bbox 250 2664 1333 2740; baseline -0.004 -16"><span class='ocrx_word' id='word_1_191' title='bbox 250 2666 390 2740; x_wconf 83' lang='lat' dir='ltr'><strong>uenisset,</strong></span> <span class='ocrx_word' id='word_1_192' title='bbox 414 2671 525 2730; x_wconf 85' lang='lat' dir='ltr'><strong>temere</strong></span> <span class='ocrx_word' id='word_1_193' title='bbox 543 2680 719 2739; x_wconf 80' lang='lat' dir='ltr'><strong>progressus</strong></span> <span class='ocrx_word' id='word_1_194' title='bbox 741 2669 857 2738; x_wconf 89' lang='lat' dir='ltr'><strong>turpem</strong></span> <span class='ocrx_word' id='word_1_195' title='bbox 879 2664 984 2723; x_wconf 89' lang='lat' dir='ltr'><strong>habuit</strong></span> <span class='ocrx_word' id='word_1_196' title='bbox 1006 2665 1118 2723; x_wconf 84' lang='lat' dir='ltr'><strong>exitum</strong></span> <span class='ocrx_word' id='word_1_197' title='bbox 1140 2669 1172 2722; x_wconf 87' lang='lat' dir='ltr'><strong>et</strong></span> <span class='ocrx_word' id='word_1_198' title='bbox 1185 2668 1273 2722; x_wconf 90' lang='lat' dir='ltr'><strong>noctu</strong></span> <span class='ocrx_word' id='word_1_199' title='bbox 1294 2678 1333 2720; x_wconf 89' lang='lat' dir='ltr'><strong>ne</strong></span> 
     </span>
    </p>
   </div>
   <div class='ocr_carea' id='block_1_3' title="bbox 251 2764 1332 2941">
    <p class='ocr_par' dir='ltr' id='par_1_9' title="bbox 251 2764 1332 2941">
     <span class='ocr_line' id='line_1_25' title="bbox 254 2764 1331 2840; baseline -0.005 -14"><span class='ocrx_word' id='word_1_200' title='bbox 254 2768 445 2827; x_wconf 89' lang='lat' dir='ltr'><strong>conclamatis</strong></span> <span class='ocrx_word' id='word_1_201' title='bbox 457 2766 572 2839; x_wconf 86' lang='lat' dir='ltr'><strong>quidem</strong></span> <span class='ocrx_word' id='word_1_202' title='bbox 584 2767 664 2826; x_wconf 89' lang='lat' dir='ltr'><strong>vasis</strong></span> <span class='ocrx_word' id='word_1_203' title='bbox 679 2764 787 2826; x_wconf 80' lang='lat' dir='ltr'><strong>flumen</strong></span> <span class='ocrx_word' id='word_1_204' title='bbox 799 2765 919 2826; x_wconf 85' lang='lat' dir='ltr'><strong>transiit</strong></span> <span class='ocrx_word' id='word_1_205' title='bbox 929 2771 1019 2836; x_wconf 90' lang='lat' dir='ltr'><strong>atque</strong></span> <span class='ocrx_word' id='word_1_206' title='bbox 1033 2765 1065 2826; x_wconf 93' lang='lat' dir='ltr'><strong>in</strong></span> <span class='ocrx_word' id='word_1_207' title='bbox 1076 2765 1197 2822; x_wconf 89' lang='lat' dir='ltr'><strong>eandem</strong></span> <span class='ocrx_word' id='word_1_208' title='bbox 1206 2768 1331 2840; x_wconf 88' lang='lat' dir='ltr'><strong>partem,</strong></span> 
     </span>
     <span class='ocr_line' id='line_1_26' title="bbox 251 2862 1332 2941; baseline -0.004 -14"><span class='ocrx_word' id='word_1_209' title='bbox 251 2885 287 2927; x_wconf 87' lang='lat' dir='ltr'><strong>ex</strong></span> <span class='ocrx_word' id='word_1_210' title='bbox 312 2885 371 2940; x_wconf 91' lang='lat' dir='ltr'><strong>qua</strong></span> <span class='ocrx_word' id='word_1_211' title='bbox 392 2872 530 2941; x_wconf 88' lang='lat' dir='ltr'><strong>venerat,</strong></span> <span class='ocrx_word' id='word_1_212' title='bbox 558 2866 649 2928; x_wconf 89' lang='lat' dir='ltr'><strong>rediit</strong></span> <span class='ocrx_word' id='word_1_213' title='bbox 670 2865 768 2936; x_wconf 87' lang='lat' dir='ltr'><strong>ibique</strong></span> <span class='ocrx_word' id='word_1_214' title='bbox 790 2881 882 2938; x_wconf 90' lang='lat' dir='ltr'><strong>prope</strong></span> <span class='ocrx_word' id='word_1_215' title='bbox 909 2862 1017 2922; x_wconf 85' lang='lat' dir='ltr'><strong>flumen</strong></span> <span class='ocrx_word' id='word_1_216' title='bbox 1039 2863 1118 2924; x_wconf 90' lang='lat' dir='ltr'><strong>edito</strong></span> <span class='ocrx_word' id='word_1_217' title='bbox 1140 2867 1247 2923; x_wconf 87' lang='lat' dir='ltr'><strong>natura</strong></span> <span class='ocrx_word' id='word_1_218' title='bbox 1268 2864 1332 2923; x_wconf 94' lang='lat' dir='ltr'><strong>loco</strong></span> 
     </span>
    </p>
   </div>
   <div class='ocr_carea' id='block_1_4' title="bbox 212 2963 1335 3962">
    <p class='ocr_par' dir='ltr' id='par_1_10' title="bbox 212 2963 1334 3348">
     <span class='ocr_line' id='line_1_27' title="bbox 212 2963 1331 3043; baseline -0.004 -15"><span class='ocrx_word' id='word_1_219' title='bbox 212 2978 227 3028; x_wconf 83' lang='lat' dir='ltr'><strong>t</strong></span> <span class='ocrx_word' id='word_1_220' title='bbox 248 2974 349 3032; x_wconf 84' lang='lat' dir='ltr'><strong>castra</strong></span> <span class='ocrx_word' id='word_1_221' title='bbox 363 2968 470 3043; x_wconf 83' lang='lat' dir='ltr'><strong>posuit</strong></span> <span class='ocrx_word' id='word_1_222' title='bbox 507 2966 615 3030; x_wconf 85' lang='lat' dir='ltr'><strong>Paucis</strong></span> <span class='ocrx_word' id='word_1_223' title='bbox 630 2964 732 3024; x_wconf 89' lang='lat' dir='ltr'><strong>diebus</strong></span> <span class='ocrx_word' id='word_1_224' title='bbox 747 2965 930 3038; x_wconf 86' lang='lat' dir='ltr'><strong>interpositis</strong></span> <span class='ocrx_word' id='word_1_225' title='bbox 951 2969 1041 3024; x_wconf 90' lang='lat' dir='ltr'><strong>noctu</strong></span> <span class='ocrx_word' id='word_1_226' title='bbox 1062 2963 1186 3027; x_wconf 87' lang='lat' dir='ltr'><strong>insidias</strong></span> <span class='ocrx_word' id='word_1_227' title='bbox 1201 2965 1331 3038; x_wconf 87' lang='lat' dir='ltr'><strong>equitum</strong></span> 
     </span>
     <span class='ocr_line' id='line_1_28' title="bbox 252 3065 1333 3144; baseline -0.002 -16"><span class='ocrx_word' id='word_1_228' title='bbox 252 3069 421 3144; x_wconf 86' lang='lat' dir='ltr'><strong>conlocavit,</strong></span> <span class='ocrx_word' id='word_1_229' title='bbox 445 3084 501 3141; x_wconf 94' lang='lat' dir='ltr'><strong>quo</strong></span> <span class='ocrx_word' id='word_1_230' title='bbox 523 3068 555 3128; x_wconf 93' lang='lat' dir='ltr'><strong>in</strong></span> <span class='ocrx_word' id='word_1_231' title='bbox 568 3069 630 3126; x_wconf 94' lang='lat' dir='ltr'><strong>loco</strong></span> <span class='ocrx_word' id='word_1_232' title='bbox 653 3066 854 3140; x_wconf 85' lang='lat' dir='ltr'><strong>superioribus</strong></span> <span class='ocrx_word' id='word_1_233' title='bbox 875 3066 939 3128; x_wconf 84' lang='lat' dir='ltr'><strong>iere</strong></span> <span class='ocrx_word' id='word_1_234' title='bbox 962 3065 1065 3128; x_wconf 90' lang='lat' dir='ltr'><strong>diebus</strong></span> <span class='ocrx_word' id='word_1_235' title='bbox 1079 3067 1173 3126; x_wconf 88' lang='lat' dir='ltr'><strong>nostri</strong></span> <span class='ocrx_word' id='word_1_236' title='bbox 1194 3068 1333 3141; x_wconf 86' lang='lat' dir='ltr'><strong>pabulari</strong></span> 
     </span>
     <span class='ocr_line' id='line_1_29' title="bbox 253 3168 1333 3244; baseline -0.004 -13"><span class='ocrx_word' id='word_1_237' title='bbox 253 3176 445 3244; x_wconf 88' lang='lat' dir='ltr'><strong>consuerant;</strong></span> <span class='ocrx_word' id='word_1_238' title='bbox 466 3176 497 3229; x_wconf 87' lang='lat' dir='ltr'><strong>et</strong></span> <span class='ocrx_word' id='word_1_239' title='bbox 518 3186 583 3230; x_wconf 87' lang='lat' dir='ltr'><strong>cnm</strong></span> <span class='ocrx_word' id='word_1_240' title='bbox 605 3169 754 3230; x_wconf 89' lang='lat' dir='ltr'><strong>cotidiana</strong></span> <span class='ocrx_word' id='word_1_241' title='bbox 769 3169 976 3228; x_wconf 86' lang='lat' dir='ltr'><strong>consuetudine</strong></span> <span class='ocrx_word' id='word_1_242' title='bbox 991 3168 1024 3240; x_wconf 78' lang='lat' dir='ltr'><strong>Q.</strong></span> <span class='ocrx_word' id='word_1_243' title='bbox 1039 3168 1146 3244; x_wconf 84' lang='lat' dir='ltr'><strong>Varus,</strong></span> <span class='ocrx_word' id='word_1_244' title='bbox 1167 3169 1333 3242; x_wconf 80' lang='lat' dir='ltr'><strong>praefectus</strong></span> 
     </span>
     <span class='ocr_line' id='line_1_30' title="bbox 255 3270 1334 3348; baseline -0.003 -15"><span class='ocrx_word' id='word_1_245' title='bbox 255 3274 387 3348; x_wconf 89' lang='lat' dir='ltr'><strong>equitum</strong></span> <span class='ocrx_word' id='word_1_246' title='bbox 408 3272 541 3348; x_wconf 92' lang='lat' dir='ltr'><strong>Domitii,</strong></span> <span class='ocrx_word' id='word_1_247' title='bbox 563 3273 701 3347; x_wconf 77' lang='lat' dir='ltr'><strong>venisset,</strong></span> <span class='ocrx_word' id='word_1_248' title='bbox 722 3271 821 3329; x_wconf 87' lang='lat' dir='ltr'><strong>subito</strong></span> <span class='ocrx_word' id='word_1_249' title='bbox 835 3270 882 3330; x_wconf 94' lang='lat' dir='ltr'><strong>illi</strong></span> <span class='ocrx_word' id='word_1_250' title='bbox 896 3287 933 3330; x_wconf 84' lang='lat' dir='ltr'><strong>ex</strong></span> <span class='ocrx_word' id='word_1_251' title='bbox 947 3270 1063 3331; x_wconf 85' lang='lat' dir='ltr'><strong>insidiis</strong></span> <span class='ocrx_word' id='word_1_252' title='bbox 1077 3276 1334 3330; x_wconf 84' lang='lat' dir='ltr'><strong>consurrexerunt</strong></span> 
     </span>
    </p>

    <p class='ocr_par' dir='ltr' id='par_1_11' title="bbox 216 3372 1335 3551">
     <span class='ocr_line' id='line_1_31' title="bbox 216 3372 1335 3447; baseline -0.004 -12"><span class='ocrx_word' id='word_1_253' title='bbox 216 3386 231 3435; x_wconf 85' lang='grc'><strong>6</strong></span> <span class='ocrx_word' id='word_1_254' title='bbox 256 3375 313 3438; x_wconf 87' lang='lat' dir='ltr'><strong>Sed</strong></span> <span class='ocrx_word' id='word_1_255' title='bbox 341 3376 436 3436; x_wconf 90' lang='lat' dir='ltr'><strong>nostri</strong></span> <span class='ocrx_word' id='word_1_256' title='bbox 463 3376 584 3437; x_wconf 85' lang='lat' dir='ltr'><strong>fortiter</strong></span> <span class='ocrx_word' id='word_1_257' title='bbox 613 3375 754 3447; x_wconf 89' lang='lat' dir='ltr'><strong>impetum</strong></span> <span class='ocrx_word' id='word_1_258' title='bbox 783 3388 882 3430; x_wconf 90' lang='lat' dir='ltr'><strong>eorum</strong></span> <span class='ocrx_word' id='word_1_259' title='bbox 911 3373 1046 3434; x_wconf 89' lang='lat' dir='ltr'><strong>tulerunt</strong></span> <span class='ocrx_word' id='word_1_260' title='bbox 1075 3373 1269 3446; x_wconf 85' lang='lat' dir='ltr'><strong>celeriterque</strong></span> <span class='ocrx_word' id='word_1_261' title='bbox 1297 3372 1335 3431; x_wconf 88' lang='lat' dir='ltr'><strong>ad</strong></span> 
     </span>
     <span class='ocr_line' id='line_1_32' title="bbox 257 3468 1335 3551; baseline -0.005 -13"><span class='ocrx_word' id='word_1_262' title='bbox 257 3495 324 3540; x_wconf 89' lang='lat' dir='ltr'><strong>suos</strong></span> <span class='ocrx_word' id='word_1_263' title='bbox 352 3479 475 3551; x_wconf 90' lang='lat' dir='ltr'><strong>quisque</strong></span> <span class='ocrx_word' id='word_1_264' title='bbox 503 3477 620 3538; x_wconf 90' lang='lat' dir='ltr'><strong>ordines</strong></span> <span class='ocrx_word' id='word_1_265' title='bbox 652 3468 756 3550; x_wconf 86' lang='lat' dir='ltr'><strong>rediit,</strong></span> <span class='ocrx_word' id='word_1_266' title='bbox 790 3478 878 3548; x_wconf 88' lang='lat' dir='ltr'><strong>atque</strong></span> <span class='ocrx_word' id='word_1_267' title='bbox 904 3475 985 3534; x_wconf 88' lang='lat' dir='ltr'><strong>ultro</strong></span> <span class='ocrx_word' id='word_1_268' title='bbox 1013 3475 1146 3536; x_wconf 89' lang='lat' dir='ltr'><strong>universi</strong></span> <span class='ocrx_word' id='word_1_269' title='bbox 1172 3475 1205 3536; x_wconf 90' lang='lat' dir='ltr'><strong>in</strong></span> <span class='ocrx_word' id='word_1_270' title='bbox 1236 3475 1335 3534; x_wconf 90' lang='lat' dir='ltr'><strong>hostes</strong></span> 
     </span>
    </p>

    <p class='ocr_par' dir='ltr' id='par_1_12' title="bbox 216 3577 1334 3757">
     <span class='ocr_line' id='line_1_33' title="bbox 216 3577 1334 3656; baseline -0.004 -18"><span class='ocrx_word' id='word_1_271' title='bbox 216 3589 231 3638; x_wconf 83' lang='lat'><strong>¹1</strong></span> <span class='ocrx_word' id='word_1_272' title='bbox 254 3582 396 3656; x_wconf 89' lang='lat' dir='ltr'><strong>impetum</strong></span> <span class='ocrx_word' id='word_1_273' title='bbox 418 3579 558 3638; x_wconf 79' lang='lat' dir='ltr'><strong>fecerunt</strong></span> <span class='ocrx_word' id='word_1_274' title='bbox 581 3578 629 3641; x_wconf 78' lang='lat' dir='ltr'><strong>Ex</strong></span> <span class='ocrx_word' id='word_1_275' title='bbox 649 3577 697 3638; x_wconf 86' lang='lat' dir='ltr'><strong>bis</strong></span> <span class='ocrx_word' id='word_1_276' title='bbox 719 3577 940 3636; x_wconf 76' lang='lat' dir='ltr'><strong>circitorum</strong></span> <span class='ocrx_word' id='word_1_277' title='bbox 961 3578 1136 3652; x_wconf 80' lang='lat' dir='ltr'><strong>interiectis,</strong></span> <span class='ocrx_word' id='word_1_278' title='bbox 1158 3577 1281 3651; x_wconf 86' lang='lat' dir='ltr'><strong>reliquis</strong></span> <span class='ocrx_word' id='word_1_279' title='bbox 1302 3577 1334 3634; x_wconf 93' lang='lat' dir='ltr'><strong>in</strong></span> 
     </span>
     <span class='ocr_line' id='line_1_34' title="bbox 254 3680 1234 3757; baseline -0.006 -15"><span class='ocrx_word' id='word_1_280' title='bbox 254 3684 357 3756; x_wconf 75' lang='lat' dir='ltr'><strong>fugam</strong></span> <span class='ocrx_word' id='word_1_281' title='bbox 379 3681 527 3757; x_wconf 85' lang='lat' dir='ltr'><strong>coniectis,</strong></span> <span class='ocrx_word' id='word_1_282' title='bbox 551 3681 662 3740; x_wconf 89' lang='lat' dir='ltr'><strong>duobus</strong></span> <span class='ocrx_word' id='word_1_283' title='bbox 685 3680 802 3738; x_wconf 88' lang='lat' dir='ltr'><strong>amissis</strong></span> <span class='ocrx_word' id='word_1_284' title='bbox 822 3680 854 3738; x_wconf 91' lang='lat' dir='ltr'><strong>iu</strong></span> <span class='ocrx_word' id='word_1_285' title='bbox 876 3685 976 3738; x_wconf 90' lang='lat' dir='ltr'><strong>castra</strong></span> <span class='ocrx_word' id='word_1_286' title='bbox 997 3696 1029 3738; x_wconf 89' lang='lat' dir='ltr'><strong>se</strong></span> <span class='ocrx_word' id='word_1_287' title='bbox 1050 3685 1234 3754; x_wconf 83' lang='lat' dir='ltr'><strong>receperunt.</strong></span> 
     </span>
    </p>

    <p class='ocr_par' dir='ltr' id='par_1_13' title="bbox 251 3777 1335 3962">
     <span class='ocr_line' id='line_1_35' title="bbox 338 3777 1335 3861; baseline -0.005 -17"><span class='ocrx_word' id='word_1_288' title='bbox 338 3777 397 3848; x_wconf 85' lang='lat'><strong>38.</strong></span> <span class='ocrx_word' id='word_1_289' title='bbox 420 3783 477 3844; x_wconf 93' lang='lat' dir='ltr'><strong>His</strong></span> <span class='ocrx_word' id='word_1_290' title='bbox 509 3784 597 3842; x_wconf 89' lang='lat' dir='ltr'><strong>rebus</strong></span> <span class='ocrx_word' id='word_1_291' title='bbox 631 3784 722 3857; x_wconf 84' lang='lat' dir='ltr'><strong>gestis</strong></span> <span class='ocrx_word' id='word_1_292' title='bbox 754 3782 903 3842; x_wconf 88' lang='lat' dir='ltr'><strong>Domitius</strong></span> <span class='ocrx_word' id='word_1_293' title='bbox 939 3799 1061 3857; x_wconf 90' lang='lat' dir='ltr'><strong>sperans</strong></span> <span class='ocrx_word' id='word_1_294' title='bbox 1086 3781 1261 3861; x_wconf 86' lang='lat' dir='ltr'><strong>Scipionem</strong></span> <span class='ocrx_word' id='word_1_295' title='bbox 1297 3780 1335 3839; x_wconf 89' lang='lat' dir='ltr'><strong>ad</strong></span> 
     </span>
     <span class='ocr_line' id='line_1_36' title="bbox 251 3883 1333 3962; baseline -0.005 -15"><span class='ocrx_word' id='word_1_296' title='bbox 251 3903 382 3962; x_wconf 78' lang='lat' dir='ltr'><strong>pugnam</strong></span> <span class='ocrx_word' id='word_1_297' title='bbox 405 3887 473 3946; x_wconf 89' lang='lat' dir='ltr'><strong>elici</strong></span> <span class='ocrx_word' id='word_1_298' title='bbox 494 3903 579 3960; x_wconf 91' lang='lat' dir='ltr'><strong>posse</strong></span> <span class='ocrx_word' id='word_1_299' title='bbox 608 3885 762 3945; x_wconf 84' lang='lat' dir='ltr'><strong>simulavit</strong></span> <span class='ocrx_word' id='word_1_300' title='bbox 791 3901 854 3943; x_wconf 90' lang='lat' dir='ltr'><strong>sese</strong></span> <span class='ocrx_word' id='word_1_301' title='bbox 880 3885 1026 3958; x_wconf 79' lang='lat' dir='ltr'><strong>augustiis</strong></span> <span class='ocrx_word' id='word_1_302' title='bbox 1044 3885 1098 3950; x_wconf 83' lang='lat' dir='ltr'><strong>rei</strong></span> <span class='ocrx_word' id='word_1_303' title='bbox 1119 3883 1333 3942; x_wconf 85' lang='lat' dir='ltr'><strong>frumentariae</strong></span> 
     </span>
    </p>
   </div>
   <div class='ocr_carea' id='block_1_5' title="bbox 0 0 1495 4506">
    <p class='ocr_par' dir='ltr' id='par_1_14' title="bbox 0 0 1495 4506">
     <span class='ocr_line' id='line_1_37' title="bbox 0 0 1495 4506; baseline 0 0"><span class='ocrx_word' id='word_1_304' title='bbox 0 0 1495 4506; x_wconf 95' lang='lat' dir='ltr'><strong> </strong></span> 
     </span>
    </p>
   </div>
  </div>
 </body>
</html>
