2964 4506
235 245 274 304 26
610 245 661 300 ΒΕ
680 245 796 302 BELLO
816 245 931 302 CIVILI

195 430 210 478 2
232 439 263 478 x1
285 424 384 480 tectae.
413 420 505 480 Multa
525 420 582 482 huc
604 421 716 482 minora
729 421 847 498 navigia
868 421 986 498 addunt,
1002 428 1035 482 ut
1048 423 1112 499 ipsa
1125 421 1312 482 multitudine

233 527 332 582 nostm
354 522 450 583 classis
471 527 619 584 terreatur.
662 524 802 600 Magnum
823 542 977 584 numerum
1007 524 1229 601 sagittariorum,
1251 542 1311 584 ma-

234 643 325 700 guum
339 625 514 701 Albicorum,
536 626 574 686 de
595 626 701 703 quibus
722 644 811 703 supra
832 627 1059 687 demonstratum
1083 632 1134 703 est,
1156 627 1312 701 imponunt

198 731 319 802 eatque
341 725 394 787 hos
414 728 548 804 praemiis
569 728 882 806 pollicitationibusque
903 728 1030 789 incitant
1065 728 1164 790 Oertas
1184 728 1240 788 sibi
1263 728 1310 788 de-

233 829 325 905 poscit
346 847 435 890 naves
449 830 593 892 Domitius
616 836 704 907 atque
726 829 778 890 has
793 831 901 890 oolouis
922 831 1152 908 pastoribusque,
1173 848 1248 907 quos
1269 849 1311 891 se

234 948 299 990 cum
328 930 505 1007 adduxerat,
533 933 666 1010 complet.
710 933 759 993 Sic
785 932 920 993 omnibus
948 934 1035 993 rebus
1060 933 1200 993 instructa
1221 934 1311 994 classe

233 1052 341 1111 magua
366 1032 474 1094 fiducia
501 1035 541 1098 ad
570 1041 684 1096 nostras
712 1054 801 1096 naves
834 1035 1008 1114 procedunt,
1041 1035 1147 1112 quibus
1179 1042 1312 1110 praeerat

233 1137 270 1196 D.
285 1137 402 1196 Brutus.
426 1136 492 1196 Hae
513 1137 551 1196 ad
565 1137 696 1213 insulam,
718 1121 794 1213 quae
816 1142 859 1198 est
874 1142 974 1198 contra
987 1137 1151 1213 Massiliam,
1172 1137 1310 1198 stationes

233 1239 412 1299 obtinebant.
938 1295 940 1304 ,

318 1337 372 1406 57.
394 1342 465 1403 Erat
479 1343 570 1402 multo
591 1340 709 1402 inferior
723 1359 843 1403 numero
859 1342 977 1402 navium
993 1343 1117 1420 Brutus3
1140 1341 1191 1401 sed
1205 1340 1311 1402 electos

233 1462 270 1504 ex
298 1443 432 1504 omnibus
460 1443 623 1520 legionibus
649 1441 820 1504 fortissimos
849 1445 940 1521 viros,
968 1445 1185 1521 antesignanos,
1214 1447 1311 1504 centu-

233 1547 343 1622 riones,
372 1546 527 1608 Caesarei
549 1546 632 1606 classi
653 1546 838 1624 attribuerat,
870 1547 920 1623 qui
947 1546 1002 1607 sibi
1023 1547 1055 1605 id
1077 1545 1203 1606 muneris
1225 1545 1310 1621 depo-

195 1655 209 1705 2
233 1654 392 1725 poscerant.
430 1648 470 1706 Hi
490 1666 594 1707 manus
615 1646 723 1708 ferreas
745 1653 833 1724 atque
854 1648 1036 1725 harpagones
1058 1652 1231 1724 paraverant
1252 1665 1311 1706 ma-

235 1769 353 1827 gnoque
374 1768 494 1811 numero
517 1750 655 1827 pilorum,
677 1751 857 1826 tragularum
879 1751 1114 1826 reliquorumque
1136 1750 1258 1809 telorum
1280 1766 1312 1808 se

233 1854 438 1913 instruxerant.
475 1854 520 1912 Ita
542 1851 657 1928 cognito
680 1849 804 1911 hostium
819 1853 946 1912 adventu
967 1869 1035 1912 suas
1056 1868 1145 1911 naves
1167 1869 1204 1912 ex
1225 1855 1312 1927 portu

193 1955 365 2032 seducunt,
388 1973 454 2016 eum
469 1954 692 2016 Massiliensibus
713 1953 883 2032 confligunt.
916 1954 1083 2030 Pugnatum
1106 1958 1149 2013 est
1163 1953 1311 2028 utrimque

232 2057 385 2117 fortissime
407 2062 494 2133 atque
516 2057 666 2134 acerrimffi
692 2075 788 2133 neque
809 2059 931 2116 multum
955 2054 1049 2116 Albici
1078 2055 1182 2116 nostris
1203 2054 1309 2114 virtute

232 2159 387 2236 cedebant,
418 2159 548 2220 homines
577 2159 671 2236 asperi
698 2166 728 2220 et
755 2159 885 2220 montani
913 2164 942 2220 et
968 2157 1115 2218 exercitati
1141 2157 1171 2216 in
1204 2157 1306 2234 armis3

194 2273 208 2322 4
231 2267 319 2337 atque
341 2261 371 2320 hi
392 2261 478 2321 modo
505 2261 663 2337 digressis
685 2261 909 2322 Massiliensibus
938 2266 1081 2322 recentem
1108 2277 1206 2320 eorum
1229 2259 1309 2335 polli7

234 2364 397 2424 citationem
420 2363 522 2423 animis
537 2364 730 2440 contuebant,
752 2368 939 2440 pastoresque
954 2363 995 2422 illi
1009 2363 1132 2425 Domitii
1153 2380 1205 2439 spe
1225 2361 1309 2421 liber·

231 2467 297 2526 tatis
319 2466 433 2527 excitati
454 2467 509 2526 sub
524 2466 613 2527 oculis
635 2466 745 2527 domini
766 2484 848 2526 suam
870 2468 995 2543 probare
1009 2485 1126 2542 operam
1145 2464 1310 2525 studebant.

317 2563 370 2634 58.
393 2569 451 2646 Ipsi
467 2568 656 2630 Massilienses
672 2574 700 2630 et
722 2569 865 2630 celeritate
879 2569 997 2629 navium
1016 2575 1045 2630 et
1066 2567 1184 2630 scientia
1206 2566 1310 2643 guber·

230 2678 364 2733 natorum
404 2671 507 2733 conlisi
544 2677 657 2733 nostros
687 2673 843 2733 eludebant
873 2673 1057 2748 impetusque
1093 2689 1193 2731 eorum
1235 2669 1309 2728 deci-

231 2775 350 2851 piebant
371 2780 414 2850 et,
444 2774 541 2850 quoad
562 2775 667 2835 licebat
688 2774 789 2832 latiore
823 2773 865 2833 uti
892 2773 1001 2849 spatio,
1028 2772 1170 2848 producta
1195 2770 1310 2846 longius

231 2877 293 2936 acie
315 2875 520 2936 circumvenire
541 2879 655 2934 nostros
677 2878 728 2932 aut
754 2872 887 2949 pluribus
908 2872 1032 2931 navibus
1054 2871 1159 2932 adoriri
1179 2871 1309 2948 singulas

231 2981 283 3036 aut
310 2994 405 3036 remos
432 2980 659 3036 transcurrentes
685 2974 846 3052 detergere,
874 2974 898 3035 si
919 2979 1049 3051 possent,
1077 2974 1308 3052 conteudebaut3

194 3089 209 3139 2
233 3096 298 3137 cum
319 3077 438 3154 propius
462 3083 523 3137 erat
544 3076 703 3138 necessario
726 3080 859 3151 ventum,
881 3077 919 3136 ab
941 3075 1059 3136 scientia
1081 3077 1310 3153 gubernatorum

190 3191 210 3244 e
234 3187 322 3257 atque
343 3179 472 3242 artificiis
500 3181 538 3240 ad
559 3180 694 3240 virtutem
720 3184 924 3240 montanorum
951 3178 1168 3256 confugiebant.
1212 3178 1312 3240 Nostri

233 3302 298 3344 cum
320 3284 417 3344 minus
439 3283 598 3344 exercitatis
613 3283 770 3358 remigibus
783 3282 939 3358 minusque
954 3282 1052 3359 peritis
1068 3282 1311 3359 gubernatoribus

235 3387 399 3463 utebantur,
423 3387 474 3461 qui
489 3390 607 3461 repente
622 3402 658 3444 ex
673 3383 810 3444 onerariis
824 3385 948 3444 navibus
962 3399 1044 3445 erant
1059 3385 1191 3462 producti
1205 3401 1311 3459 neque·

236 3488 306 3548 dum
329 3489 414 3548 etiam
429 3488 577 3548 vocabulis
592 3491 835 3547 armamentorum
850 3487 981 3565 cognitis,
1000 3492 1062 3548 tum
1078 3488 1163 3548 etiam
1178 3486 1312 3547 tarditate

236 3595 265 3651 et
287 3590 428 3667 gravitate
442 3590 561 3650 navium
575 3588 818 3667 impediebantur;
841 3588 935 3650 factae
954 3590 1029 3650 enim
1051 3591 1147 3651 subito
1162 3607 1199 3650 ex
1214 3587 1313 3648 umida

195 3701 210 3750 4
234 3693 354 3752 materia
381 3711 441 3752 non
464 3693 587 3752 eundem
617 3710 701 3752 usum
724 3693 872 3754 celeritatis
898 3693 1053 3755 habebant.
1097 3694 1214 3766 Itaque,
1242 3689 1311 3749 dum

235 3795 315 3854 loeus
337 3795 496 3874 comminus
518 3794 668 3872 pugnandi
690 3795 820 3871 daretur,
848 3812 942 3870 aequo
964 3795 1060 3854 animo
1088 3793 1216 3869 singulas
1238 3790 1313 3851 binis

236 3897 359 3956 navibus
381 3897 543 3959 obiciebant
557 3902 645 3973 atque
666 3897 769 3957 iniecta
782 3915 871 3956 manu
893 3895 987 3956 ferrea
1007 3901 1036 3956 et
1057 3900 1168 3955 retenta
1189 3900 1313 3970 utraque
